2212 2876
1030 258 1229 302 CCLIX.

191 357 408 398 Auestatzo
442 356 585 396 donati
616 355 667 395 ab
706 357 957 396 Hermanno
990 355 1042 395 de
1072 355 1286 397 Rudilsow
1325 357 1581 396 monasterio
1624 356 1918 397 Oslowanensz‘
1944 359 2066 411 juris

473 427 722 478 patronatu-s·
754 425 799 464 in
830 424 1056 465 Rudilfow.
1096 425 1249 464 Actum
1280 426 1326 465 in
1366 425 1581 477 Oslowcm,
1628 425 1781 497 1234.

321 517 436 580 Nos
477 524 652 576 Bvdislr
681 536 736 576 tle
782 536 944 576 Namez
985 537 1198 576 vniuersis
1245 536 1354 577 lianc
1395 537 1574 577 litteram
1614 538 1869 589 inspecturis
1911 537 1964 578 ad
2004 539 2066 578 rei

189 607 425 646 memoriam
459 606 768 656 sempiternam.
832 606 900 645 Ne
943 616 996 646 ea
1029 617 1110 657 que
1144 606 1197 645 ad
1231 605 1361 646 divini
1395 608 1568 646 nominis
1608 607 1760 646 cvltum
1793 606 2067 658 ampliandum

191 676 332 715 divina
368 676 645 726 preveniente
678 675 832 729 gracia
866 688 922 714 ex
953 674 1206 715 liberalitate
1249 676 1539 727 copiosissima
1573 676 1816 716 donatorum
1850 677 1930 727 piis
1962 676 2068 716 locis

191 748 233 784 et
267 745 463 796 personis
507 744 726 798 religiosis
770 744 835 784 dei
879 756 1021 784 amore
1061 743 1335 784 conseruntur
1375 757 1400 784 a
1441 746 1768 785 successoribus
1809 756 1951 785 eorum
1991 756 2067 797 per

188 815 374 865 ipsorum
424 811 719 853 alienationem
768 814 984 853 animabus
1025 825 1166 868 graue
1217 813 1477 866 dispendium
1517 817 1735 869 generent
1783 818 1826 854 et
1866 815 2068 854 iacturam

190 882 484 923 necessarium
517 885 583 921 est
617 886 661 922 vt
693 882 924 922 litterarum
957 883 1297 923 annotationibus
1331 887 1374 924 et
1399 885 1564 923 testium
1597 883 1905 924 assertionibus
1938 884 2066 923 robo-

190 955 377 1007 rentur„
413 951 483 992 Ad
516 952 651 991 tocius
685 952 818 1006 igitur
857 952 939 992 litis
973 955 1015 991 et
1047 952 1281 1005 calumpnie
1315 952 1639 1005 successoribus
1682 954 1994 1007 repressionem
2027 953 2067 993 in

190 1019 369 1061 futurum
403 1020 484 1061 hiis
524 1022 681 1060 nostris
714 1021 864 1062 litteris
904 1021 1014 1062 bona
1048 1020 1127 1062 fide
1168 1026 1461 1073 protestamur.
1503 1023 1611 1075 quod
1653 1023 1720 1063 v'ir
1759 1023 1911 1063 nobilis
1949 1023 2067 1063 Her-

190 1102 366 1131 mannus
400 1090 453 1130 de
493 1091 703 1130 Rvdwico
738 1094 882 1130 noster
922 1092 1276 1145 consanguinevs
1316 1103 1401 1131 vna
1445 1103 1536 1131 cum
1575 1095 1706 1131 matre
1747 1104 1824 1131 sua
1867 1091 2067 1132 divinitus

191 1160 381 1211 inspirati
416 1159 467 1199 ad
502 1160 666 1199 laudem
700 1160 768 1199 dei
802 1162 844 1199 et
875 1159 1073 1199 honorem
1108 1160 1301 1214 gloriose
1336 1161 1521 1215 virginis
1559 1161 1690 1201 marie
1722 1161 1788 1200 ius
1821 1164 2067 1212 patronatus

192 1228 379 1268 echesIe
413 1229 512 1268 ville
539 1228 591 1267 de
624 1228 834 1271 erwz'eo
861 1240 951 1268 cum
981 1229 1169 1269 omnibus
1203 1230 1291 1269 suis
1319 1230 1558 1270 attinenciis
1591 1230 1643 1269 ad
1674 1242 1777 1269 vsus
1812 1230 2068 1269 dominarum

191 1296 244 1337 de
286 1297 396 1337 Ozla
436 1301 478 1337 et
517 1298 862 1338 sustentationem
904 1298 1169 1338 contulerunt
1209 1299 1498 1351 principaliter
1536 1302 1709 1351 propter
1749 1299 1869 1338 deum
1907 1310 2067 1339 renun-

191 1367 353 1406 ciantes
388 1367 466 1406 ivri
511 1370 757 1418 patronatus
800 1367 985 1407 ecclesie
1018 1371 1241 1407 memorate
1284 1371 1570 1419 protestantes
1610 1367 1898 1408 nichilominus
1932 1368 2067 1407 dona-

191 1437 352 1475 cionem
385 1436 615 1476 huiusmodi
658 1440 699 1476 et
732 1437 1087 1476 renunciationem
1121 1437 1383 1488 aliquociens
1424 1449 1543 1489 quam
1577 1437 1761 1489 plurimis
1797 1437 2067 1488 presentibus

190 1507 232 1545 in
268 1506 353 1545 vita
394 1510 435 1545 et
468 1507 508 1545 in
548 1509 694 1545 morte.
757 1506 805 1548 In
847 1505 1079 1548 huiusmodi
1118 1507 1251 1560 igitur
1290 1506 1607 1559 protestationis
1641 1506 1876 1546 donationis
1919 1510 1961 1547 et
1993 1517 2067 1546 re-

192 1585 344 1614 cessus
378 1574 641 1614 evidenciam
675 1575 908 1615 memoriam
942 1578 984 1614 et
1026 1576 1234 1615 cavtelam
1268 1579 1506 1628 presentem
1546 1575 1723 1615 litteram
1763 1575 1894 1630 sigilli
1933 1575 2068 1615 nostri

192 1644 409 1689 munimine
443 1642 616 1685 fecimus
650 1645 862 1699 insigniri.
911 1645 1062 1684 Actum
1096 1646 1138 1684 in
1172 1645 1277 1685 Ozla
1310 1656 1419 1685 anno
1453 1644 1601 1685 domini
1635 1643 2065 1688 M.C(3.xxx.1111.

504 1744 559 1778 Ex
583 1745 777 1786 originali
802 1746 834 1776 in
858 1744 994 1779 archivo
1020 1743 1169 1786 ejusdem
1198 1745 1397 1780 monasterii.

1041 1919 1223 1993 CCLX.v
1276 1935 1279 1937 ’

203 2016 490 2068 ”lances-laus,
524 2029 609 2056 rea:
640 2018 857 2069 Boeme’ae,
888 2017 1099 2070 fratribus
1131 2004 1353 2070 hospitalis
1382 2016 1547 2057 ordinis
1576 2017 1862 2057 stellariorum
1889 2017 2067 2068 Praqae

272 2085 561 2138 ‹liversajiuu
586 2089 625 2126 ec
650 2086 860 2127 libertates
886 2087 1087 2127 concedit.
1119 2088 1192 2127 Dc.
1226 2087 1416 2139 Proque,
1441 2086 1583 2139 pridie
1608 2085 1714 2126 Idus
1744 2085 1989 2137 Februarii,

327 2247 387 2308 In
410 2267 572 2308 nomine
598 2271 745 2308 sancte
775 2268 986 2322 trinitatis,
1014 2271 1056 2311 et
1080 2267 1292 2309 indiuidue
1322 2267 1507 2309 vnitatis.
1536 2268 1684 2308 Amen.
1742 2267 1834 2307 Nos
1861 2267 2066 2307 VVencc-

196 2336 311 2376 slaus
345 2336 424 2375 dei'
453 2337 597 2390 gratia
630 2340 803 2389 quartus
843 2349 924 2377 rex
956 2338 1204 2377 Boemorum
1243 2337 1457 2377 vniuersis
1500 2335 1580 2377 fide
1621 2337 1853 2377 christiana
1891 2335 2067 2389 preditis

196 2406 236 2446 in
270 2397 527 2458 perpetuumss
567 2405 796 2464 *Quoniam
837 2408 1027 2447 actiones
1068 2405 1296 2446 mortalium
1338 2406 1416 2446 sub
1456 2410 1643 2458 tempore
1684 2406 1915 2446 solenniter
1947 2404 2066 2444 cele-

196 2475 317 2516 brate
351 2478 523 2527 propter
563 2474 793 2529 longeuum
825 2477 1024 2527 temporis
1065 2487 1231 2515 cursum
1265 2475 1369 2528 proh
1413 2475 1530 2515 dolor
1570 2487 1596 2515 a
1627 2475 1823 2516 memoria
1865 2472 2066 2514 decidere

199 2548 525 2600 consueuerunt7
558 2544 744 2598 expedit7
785 2548 826 2586 et
859 2545 1021 2586 omnino
1063 2545 1351 2586 necessarlum
1386 2545 1649 2600 arbitramur,
1691 2549 1735 2585 vt
1766 2554 1821 2585 ne
1853 2544 1942 2584 suis
1973 2540 2065 2584 sru-
