2212 2876
1078 93 1176 134 122

203 238 433 279 Welehrad
458 236 773 288 Cysterciensis
807 235 964 274 ordinis
991 239 1033 274 et
1065 234 1252 274 omnibus
1278 232 1429 273 ibidem
1462 232 1719 287 degentibus
1752 234 2048 285 inperpetuum.

195 307 395 356 Quoniam
445 305 679 359 generacio
730 304 904 354 preterit
949 307 991 343 et
1043 303 1278 357 generacio
1330 301 1500 340 aduenit
1547 306 1588 341 et
1635 302 1823 341 actiones
1872 302 2048 342 humane

195 376 475 425 sollempniter
507 373 721 412 celebrate
762 375 932 422 propter
973 372 1157 410 incertos
1191 381 1327 410 rerum
1368 373 1410 409 et
1441 373 1665 420 temporum
1704 374 1880 410 euentus
1913 371 2050 411 solent

199 456 289 484 cum
327 448 512 494 tempore
546 439 730 480 defluere
765 444 807 479 et
845 452 869 478 a
909 441 1104 478 memoria
1137 439 1326 478 resecari
1366 448 1550 477 necesse
1585 441 1650 477 est
1689 442 1732 477 ut
1774 449 1826 477 ea
1859 450 1938 490 que
1971 439 2048 478 sub

193 519 376 563 tempore
410 513 618 564 geruntur
649 508 797 547 litteris
831 511 873 547 et
905 508 1082 547 testibus
1109 507 1435 558 perhennentur.
1480 506 1642 545 Noscat
1674 507 1805 559 igitur
1837 510 1915 546 tam
1948 518 2048 558 pre-

194 591 295 620 sens
335 579 536 617 hominum
578 581 668 616 etas
709 587 828 627 quam
868 587 1125 615 successura
1158 576 1385 626 posteritas
1425 574 1532 626 quod
1568 576 1676 613 inter
1715 578 1882 613 ceteras
1916 574 2048 615 dona-

194 650 352 687 ciones.
402 656 507 696 quas
555 645 606 683 ob
649 644 937 683 reuerenciam
983 644 1107 682 beate
1154 644 1337 697 virginis
1386 644 1525 682 Marie
1574 641 1745 682 fecimus
1793 643 1968 682 cenobio
2008 644 2049 683 in

192 713 407 755 Wellirad
446 712 632 764 predium
677 714 768 751 siue
820 713 955 751 villam
1006 716 1186 751 nostram
1234 711 1515 752 Schucowicz
1569 723 1658 750 cum
1707 712 1838 762 pratis
1880 712 2048 762 pascuis

192 782 391 837 virgultis
432 771 555 835 agris
597 781 718 819 cultis
760 785 800 819 et
840 781 1003 819 incultis
1043 780 1286 819 contulimus
1326 780 1468 819 addita
1510 781 1640 818 eciam
1681 780 1903 819 medietate
1943 780 2049 819 silue

196 852 357 893 Rassin
390 862 481 889 cum
513 849 705 888 limitibus
738 850 826 887 suis
859 853 901 887 ut
935 850 974 887 in
1002 850 1092 899 ipsa
1126 849 1231 887 silua
1265 849 1373 887 sicut
1401 849 1441 886 in
1475 848 1662 887 omnibus
1695 848 1787 887 aliis
1811 849 1899 887 suis
1932 848 2048 887 siluis

193 925 236 959 et
268 919 387 970 aquis
420 918 592 957 liberam
633 917 814 955 habeant
848 920 1092 966 potestatem
1131 921 1174 954 ut
1207 916 1343 954 nullus
1377 917 1417 955 in
1450 917 1620 966 pascuis
1654 916 1692 954 in
1734 917 1975 967 piscacione
2008 917 2049 955 in

193 988 428 1027 uenacione
469 997 544 1025 eos
587 988 799 1036 presumat
840 985 1085 1036 inquietare.
1119 985 1196 1023 sed
1237 995 1314 1023 nec
1356 989 1534 1023 uenator
1566 985 1711 1035 aliquit
1743 985 1821 1023 sibi
1853 985 2050 1024 uendicet

194 1056 295 1094 iuris
344 1065 486 1092 uerum
534 1064 690 1091 omnem
738 1053 951 1091 utilitatem
999 1053 1278 1103 vndecunque
1326 1054 1639 1103 prouenientem
1689 1053 1904 1091 cenobium
1951 1052 2048 1092 illud

193 1124 324 1162 libere
358 1126 400 1161 et
432 1121 623 1160 absolute
665 1122 891 1171 possideat.
954 1121 1000 1159 In
1042 1121 1103 1159 rei
1137 1126 1265 1174 geste
1300 1121 1427 1159 robur
1466 1125 1708 1171 perpetuum
1749 1132 1928 1172 presens
1962 1122 2049 1171 pri-

195 1192 395 1245 uilegium
447 1189 577 1243 sigilli
619 1190 749 1228 nostri
795 1189 1018 1227 kar-actore
1066 1191 1388 1242 consignantes.
1443 1188 1600 1228 Testes
1647 1190 1714 1240 qui
1762 1189 1856 1228 huic
1897 1190 2050 1229 actioni

195 1258 470 1299 interfuerunt
503 1259 789 1296 nominetenus
823 1257 1129 1296 subscribendo
1172 1258 1405 1296 Bertlierus
1440 1257 1491 1296 de
1532 1268 1667 1296 vrene
1700 1257 1962 1296 'Peodericus
1997 1257 2049 1297 de

194 1327 386 1367 Saderer
425 1326 624 1376 Szuoyze
674 1324 837 1376 dapifer
876 1326 1029 1365 Petrus
1071 1327 1271 1376 pincerna
1314 1325 1573 1365 Adalbertus
1614 1326 1665 1364 de
1703 1326 1843 1365 Kaniz
1881 1325 2049 1365 XVerso

196 1396 452 1435 camerarius
496 1394 734 1433 VVilliamus
775 1394 827 1433 de
871 1394 1032 1444 Znoym
1072 1394 1261 1433 Lutobor
1302 1394 1352 1433 de
1394 1394 1556 1444 Znoym
1600 1394 1745 1432 Victor
1784 1394 1836 1432 de
1876 1393 2046 1434 Olomuz

194 1463 392 1503 Andreas
439 1462 698 1501 marscalcus
739 1463 937 1501 Nicolaus
978 1463 1129 1501 Doben
1167 1462 1377 1503 Szidobor
1416 1462 1566 1500 Paulik
1607 1462 1658 1501 de
1700 1462 1874 1501 XVasan
1919 1462 2048 1502 Hirse

193 1530 296 1571 silius
338 1531 537 1570 Kanimiri
578 1530 861 1569 Vircliozlaus
902 1530 1040 1569 Vidko
1080 1530 1339 1570 Dluhomilus
1388 1530 1599 1570 Heroldus
1641 1531 1848 1583 magister
1891 1531 2047 1569 Arnol-

198 1601 274 1639 dus
333 1600 571 1652 Pragensis
618 1599 803 1637 Thomas
860 1599 911 1637 de
970 1598 1152 1638 Oloniuz.
1207 1599 1396 1639 Matliias
1445 1599 1496 1637 de
1546 1599 1753 1638 Ywansiz
1804 1598 2047 1651 Gregorius

193 1669 301 1707 Acta
335 1672 431 1707 sunt
462 1667 542 1706 hec
576 1679 684 1706 anno
719 1667 865 1705 domini
900 1667 959 1705 M.
988 1665 1076 1708 CC.
1101 1668 1224 1707 xxl.
1257 1668 1309 1706 11.
1344 1667 1434 1706 idus
1468 1668 1579 1706 iunii.
1612 1666 1764 1705 Datum
1788 1666 2016 1706 wethi-ad.

503 1778 555 1813 Ex
593 1778 787 1817 originali
825 1778 970 1818 ejusdcm
1002 1780 1187 1808 monasterii
1223 1780 1306 1817 sign.
1339 1777 1378 1809 G.
1407 1778 1443 1809 2.
1474 1779 1503 1808 in
1534 1779 1665 1818 registr.
1696 1787 1722 1807 (·.
1752 1787 1777 1807 r.
1811 1776 1975 1807 Gubcrnii.
2019 1796 2047 1799 -

605 1828 753 1869 sigillum
778 1829 935 1859 avulsum.
959 1847 1001 1851 -—
1025 1829 1054 1859 A
1066 1839 1083 1869 p
1095 1829 1248 1870 ograpli
1260 1839 1276 1859 u
1288 1839 1314 1858 m
1340 1830 1370 1859 in
1393 1827 1466 1859 cod.
1491 1827 1723 1858 weit-brad.
1746 1827 1814 1858 Ms.
1840 1828 1894 1858 fol.
1919 1826 1979 1858 20.

1019 2010 1222 2051 valn.

326 2103 560 2162 Honorius
595 2133 701 2171 papa
737 2122 810 2159 ΙΙΙ.
845 2121 1075 2174 GregoriQ
1111 2121 1312 2159 cardinali
1347 2121 1491 2172 legato
1526 2132 1601 2158 suo
1636 2125 1771 2159 notam
1805 2119 1903 2159 sarit
1937 2123 2044 2171 peti-

197 2191 346 2228 tionem
388 2189 573 2238 episcopi
607 2189 846 2242 l'ragensis
887 2188 938 2227 de
973 2188 1182 2242 erigenda
1222 2189 1433 2238 metropoli
1469 2189 1507 2226 in
1547 2189 1732 2241 Boemia7
1760 2189 1961 2239 jubetque
1994 2190 2044 2228 de

199 2257 276 2295 lioc
317 2257 489 2309 negotio
533 2258 680 2306 inquiri
720 2262 762 2296 et
801 2258 879 2295 sibi
922 2257 1108 2308 intimari7
1149 2267 1256 2306 quae
1297 2260 1526 2306 opportuna
1567 2256 1829 2295 videbuntur.
1892 2257 2044 2295 Datum

209 2324 281 2363 ¹9.
314 2325 443 2377 junii,
485 2324 633 2362 1221.

508 2429 724 2470 l‘alacky's
749 2431 849 2461 Reise
873 2439 947 2472 pag.
972 2428 1036 2461 23.
1059 2448 1100 2452 —
1125 2439 1141 2460 e
1166 2430 1346 2471 Regcsto
1371 2430 1541 2460 llonorii
1566 2431 1626 2461 III.
1651 2430 1703 2460 lib.
1728 2429 1766 2459 V.
1792 2430 1886 2469 epist.
1912 2427 1999 2459 ¹735.
