2212 2876
1053 106 1161 147 254

966 247 1234 290 CCXXXII.

165 346 383 399 premysl,
416 344 608 386 marchio
650 345 890 395 Menariae,
925 346 1181 384 monasterio
1213 345 1258 383 in
1289 344 1537 396 Lanyh-ez'm
1571 345 1716 384 villam
1749 345 1966 396 Doloplaz
1997 344 2043 383 in

161 415 359 456 districtu
393 415 666 456 olomucensi
697 413 827 453 donat
857 413 933 453 sub
966 414 1109 465 siqz'llo
1144 413 1320 465 octonis,
1361 413 1484 460 ducis
1517 414 1756 464 Jleraniae,
1790 414 1930 452 soceri
1961 414 2043 452 sui.

645 482 653 489 '
1030 482 1182 523 1233.
2004 490 2008 491 ⁷

293 578 354 639 In
393 597 557 637 nomine
599 600 750 636 sancte
793 599 835 636 et
883 595 1096 636 indiuidue
1137 597 1348 636 trinitatis.
1397 597 1547 636 Amen.
1610 597 1713 651 Ego
1753 596 1934 636 Premizl
1976 595 2044 635 dei

163 667 317 721 gracia
350 666 548 706 Marchio
572 666 769 706 Morauie
802 667 1105 717 inperpetuum.
1152 666 1270 705 Pium
1304 677 1355 705 ac
1388 666 1467 706 deo
1501 667 1692 718 placitum
1720 678 1824 717 opus
1859 665 2045 705 creditur

162 737 230 788 pie
266 736 560 791 religioseque
585 735 825 776 viuentibus
860 747 912 774 ac
943 735 1022 774 deo
1056 733 1349 775 famulantibus
1382 736 1573 776 subsidia
1606 738 1692 776 vite
1726 740 1851 787 atque
1885 735 2046 776 solacia

165 816 409 857 procurare.
474 806 682 845 Nouerint
721 805 854 859 igitur
901 808 982 844 tam
1023 809 1262 859 presentes7
1306 817 1426 857 quam
1478 810 1571 857 post
1612 804 1752 858 futuri7
1796 805 1903 857 quod
1954 815 2043 859 ego

161 887 238 927 spe
284 876 371 915 vite
411 877 560 915 eterne
607 879 861 926 prouocatus
902 874 1088 913 ecclesie
1137 874 1205 914 dei
1245 876 1470 928 genitricis
1518 877 1559 914 iu
1600 874 1821 926 Lankeym
1870 873 2043 915 fratrum

162 944 262 984 inibi
304 944 384 984 deo
418 944 700 984 seruiencium
740 944 989 997 indigencia
1022 947 1149 994 atque
1189 943 1423 984 deuocione
1457 945 1578 984 oculo
1622 945 1902 984 clemenciore
1938 956 2044 984 con-

162 1014 360 1065 templata
387 1007 533 1053 'villam
565 1013 607 1052 in
633 1013 879 1065 Doluplaze
912 1012 1218 1052 denominatam
1250 1014 1291 1053 in
1317 1013 1508 1053 districtu
1543 1013 1812 1054 olomucensi
1836 1015 2044 1053 constitu-

162 1088 245 1123 tam
292 1094 383 1122 cum
432 1083 646 1122 vniuersis
690 1082 964 1133 pertinenciis
1011 1082 1114 1135 suis,
1156 1082 1358 1122 videlicet
1402 1084 1540 1138 agris,
1585 1083 1718 1136 siluis7
1761 1084 1907 1137 pratis,
1948 1084 2044 1137 viis,

163 1153 305 1207 inviis,
346 1153 472 1192 itibus
519 1155 562 1192 et
600 1151 807 1191 reditibus
856 1152 1032 1204 quesitis
1074 1155 1116 1191 et
1153 1163 1235 1191 non
1283 1153 1460 1204 quesitis
1499 1165 1620 1192 manu
1660 1154 1914 1204 potestatiua
1954 1164 2045 1192 cum

164 1223 272 1262 omni
305 1222 513 1262 libertatis
555 1221 728 1260 racione
772 1224 813 1260 et
845 1221 1105 1279 integritate
1135 1222 1383 1275 contradidi7
1418 1222 1607 1261 exclusis
1650 1224 1783 1262 eciam
1818 1222 2045 1262 seruilibus

168 1291 383 1345 oneribus,
428 1291 722 1344 peticionibus',
770 1290 960 1332 collectis
1008 1294 1050 1330 et
1097 1292 1404 1331 exaccionibus
1451 1293 1775 1331 camerariorum
1823 1295 1865 1331 et
1902 1292 2039 1331 bene-

164 1359 415 1400 ficiariorum
449 1363 491 1400 et
525 1360 615 1399 eius
640 1360 952 1413 accusacionis⁷
986 1371 1067 1412 que
1091 1360 1239 1400 Narok
1273 1361 1520 1412 appellatur.
1567 1361 1686 1402 Sane
1719 1361 2043 1416 obseruandum7

165 1430 275 1482 quod
304 1429 543 1470 earumdem
569 1429 884 1480 possessionum
903 1431 1134 1480 pensiones
1160 1433 1285 1483 atque
1310 1435 1542 1481 prouentus
1566 1434 1792 1470 memorato
1819 1431 2045 1470 conuentui

164 1500 207 1538 in
240 1499 424 1538 aduentu
459 1499 608 1538 domini
642 1502 684 1538 et
716 1498 1048 1552 quadragesima
1090 1499 1144 1538 ad
1177 1500 1303 1539 alleta
1336 1501 1567 1540 coemenda
1605 1504 1647 1540 et
1680 1500 1813 1540 oleum
1846 1501 2046 1555 integra-

165 1569 261 1608 liter
301 1572 398 1607 sunt
440 1568 626 1619 deputati
669 1572 712 1608 et
745 1568 855 1607 nulla
896 1568 1106 1607 obliuione
1139 1580 1217 1608 seu
1260 1571 1518 1609 necessitate
1554 1580 1744 1621 vmquam
1787 1570 1866 1609 hec
1901 1574 2046 1610 nostra

165 1638 378 1677 institucio
421 1639 502 1677 erit
534 1638 797 1677 immutanda.
861 1637 1013 1689 Neque
1047 1638 1180 1692 igitur
1222 1639 1520 1678 ecclesiastica
1562 1639 1826 1678 secularisue
1859 1651 2045 1690 persona

165 1707 262 1747 huic
296 1711 441 1746 nostre
474 1711 555 1747 tam
591 1708 671 1760 pie7
704 1710 870 1758 tamque
904 1707 1110 1760 legittime
1144 1707 1364 1747 donacioni
1398 1712 1525 1760 atque
1558 1708 1819 1748 ordinacioni
1853 1709 2044 1759 inposte-

167 1789 253 1816 rum
287 1777 553 1828 aliquatenus
586 1777 810 1815 temerario
844 1787 949 1815 ausu
984 1776 1126 1816 valeat
1158 1778 1386 1831 contraire7
1427 1777 1502 1816 sed
1539 1778 1685 1828 pocius
1719 1782 1809 1817 rata
1842 1778 2044 1829 inperpe-

165 1850 272 1886 tuum
317 1850 485 1886 maneat
525 1848 567 1885 et
608 1846 879 1899 inconcussa7
921 1850 1161 1897 presentem
1205 1848 1405 1900 paginam
1448 1846 1659 1885 conscribi
1705 1850 1833 1898 atque
1883 1851 2044 1900 nostro⁷

167 1916 397 1966 socerique-
432 1916 569 1954 nostri
619 1914 779 1954 domini
827 1915 876 1955 Ο.
923 1915 1107 1954 illustris
1158 1916 1297 1954 Ducis
1345 1916 1542 1955 Met-(mie
1590 1915 1747 1969 sigillis
1795 1916 2045 1968 testiumque

166 1984 385 2023 munimine
430 1982 603 2027 fecimus
652 1985 860 2023 roborari.
923 1985 1035 2023 Acta
1084 1988 1181 2023 sunt
1219 1984 1300 2023 hec
1350 1996 1460 2023 anno
1509 1985 1664 2039 gracie
1704 1983 2045 2025 MCCXXXIII.

167 2054 437 2105 presentibus
478 2058 520 2093 et
559 2054 887 2105 cooperantibus
935 2054 1038 2093 viris
1079 2053 1287 2093 nobilibus
1327 2065 1378 2092 ac
1426 2053 1623 2093 discretis
1666 2066 1837 2105 quorum
1880 2055 2045 2094 nomina

168 2120 277 2161 infra
311 2126 406 2161 sunt
440 2126 650 2162 annotata.
714 2122 872 2162 Testes
907 2123 1047 2175 itaque
1080 2127 1176 2163 sunt
1209 2124 1322 2162 Dum
1352 2124 1547 2175 prefatus
1579 2125 1789 2164 olm-(mie.
1830 2124 2044 2163 Hem-icus

170 2190 223 2230 de
258 2189 545 2231 Cvnnenberc
579 2196 621 2231 et
644 2190 713 2231 filii
748 2193 839 2231 eius
866 2192 1080 2232 Hem-icus
1115 2196 1157 2232 et
1183 2190 1497 2233 Cvnemundus.
1531 2193 1746 2232 Henricus
1772 2194 1823 2233 (le
1851 2193 2045 2233 Wsten-

169 2260 273 2300 rode
315 2263 357 2299 et
399 2258 530 2299 frater
577 2261 669 2299 eius
712 2261 846 2300 Babo.
891 2260 987 2301 Otto
1028 2261 1080 2301 (le
1123 2260 1446 2303 Scenebrunne.
1492 2262 1696 2302 Albertus
1743 2262 1796 2301 (le
1836 2262 2044 2301 Blassen-

170 2329 317 2369 berch.
359 2328 633 2368 heinhardus
681 2330 734 2369 de
774 2329 1005 2381 'P1·1llipallc
1049 2330 1265 2381 pincerna.
1311 2329 1541 2371 Gotsridus.
1594 2331 1742 2372 Slavir
1787 2330 2046 2371 marscalcus

171 2401 214 2437 et
261 2410 428 2436 suorum
468 2398 793 2437 ministerialium
835 2398 991 2449 plures.
1037 2399 1103 2438 lle
1144 2411 1235 2438 mea
1279 2410 1383 2439 vero
1432 2403 1641 2451 potestate
1690 2404 1816 2451 atque
1857 2400 2043 2440 dicione:

171 2466 337 2506 Holach
370 2467 643 2520 burgi-auius.
677 2467 940 2508 Szemizlaus
973 2469 1247 2507 camerarius.
1280 2468 1523 2508 Bolnlzlaus
1559 2469 1768 2523 magister
1799 2472 2044 2508 venatorum

173 2536 491 2576 olumucenses.
532 2536 680 2575 Milich
713 2537 974 2591 burgranius
1008 2536 1299 2577 Gradicensis.
1341 2538 1574 2578 Bolinbude
1609 2538 1661 2577 (le
1696 2538 1890 2578 Honehu.
1925 2536 2042 2578 Crut.
