2212 2876
969 69 1279 132 -}3{ffi*

189 220 231 257 et
263 214 588 257 confirmationis
615 212 853 268 infringere
885 213 954 253 uel
982 214 1021 253 ei
1055 225 1161 252 ausu
1194 214 1418 252 temerario
1452 213 1678 252 contraire.
1724 212 1772 254 Si
1799 212 1890 264 quis
1925 217 2059 252 autem

186 286 268 326 hoc
303 290 550 337 attemptare
591 283 907 336 presumpserit.
941 283 1275 337 indignationem
1317 283 1606 333 omnipotentis
1646 282 1730 321 Dei
1771 286 1812 321 et
1845 282 2061 321 beatorum

187 355 305 395 Petri
340 359 382 395 et
413 355 534 395 Pauli
566 353 848 405 apostolorum
882 353 974 392 eius
1007 363 1055 392 se
1089 352 1255 391 nouerit
1287 352 1563 391 incursurum.
1626 351 1726 392 Dat.
1760 351 1900 391 Reate
1932 351 2060 392 XIIII

185 424 408 465 Kalendas
441 423 555 464 Julii.
587 419 852 474 pontificatus
886 422 1018 479 nostri
1051 432 1161 461 anno
1196 422 1350 472 quinto.

499 523 553 555 Ex
577 522 774 564 originali
798 523 829 553 in
853 523 946 553 curia
969 522 1189 562 Brunensi3
1215 521 1281 553 lad.
1303 521 1337 554 J.
1362 531 1393 553 n.
1418 521 1453 553 5.

1037 696 1218 756 ccxn.

186 796 458 848 widericus,
503 796 798 836 Romanorum
839 794 1082 846 imperator,
1137 794 1445 846 IVencesIaum,
1483 794 1619 847 filium
1663 792 1854 846 Otalcari,
1896 793 2063 834 investit

418 867 464 905 in
495 877 676 917 reynum
708 864 926 904 Boemiae.
991 864 1065 903 Dc.
1098 864 1285 917 Melfiae,
1318 876 1461 904 mense
1494 864 1631 916 melio,
1671 863 1824 904 1231.

318 957 386 1020 C.
426 977 474 1016 In
525 959 704 1016 nomine*
739 981 889 1015 sancte
931 979 974 1015 et
1013 975 1226 1016 indiuidue
1275 977 1487 1016 trinitatis.
1552 975 1798 1016 Fridericus
1848 976 2062 1017 secundus

186 1048 328 1089 diuina
361 1045 533 1086 fauente
557 1046 777 1085 clementia
802 1046 1083 1084 Romanorum
1107 1047 1331 1096 imperator
1359 1057 1527 1097 semper
1555 1046 1795 1099 Augustus.
1822 1046 2062 1086 Jerusalem

186 1120 229 1158 et
260 1117 408 1159 Sicilie
442 1127 537 1156 rex.
601 1115 706 1155 Tum
739 1115 955 1166 imperiale
994 1113 1211 1169 fastigium
1245 1126 1323 1154 sua
1364 1115 1505 1155 rutilat
1538 1116 1761 1169 dignitate.
1795 1128 1845 1155 ac
1879 1117 2063 1168 potentie

186 1198 264 1227 sue
297 1189 469 1237 sceptra
511 1183 727 1225 clarificat.
760 1196 850 1225 cum
891 1185 945 1224 ad
980 1195 1115 1238 reges
1157 1188 1199 1224 et
1232 1185 1457 1235 principes,
1501 1197 1577 1224 suo
1618 1186 1835 1225 subiectos
1878 1186 2062 1237 imperio.

185 1266 264 1296 sue
303 1255 447 1295 radios
490 1255 694 1294 claritatis
739 1252 921 1294 effundit.
969 1257 1011 1293 et
1051 1255 1153 1305 ipsis
1196 1258 1374 1305 paterna
1421 1266 1562 1308 regna
1603 1253 1791 1294 munifica
1831 1256 2063 1310 largitione

187 1323 416 1366 confirmat.
458 1324 568 1364 Hinc
603 1327 669 1363 est
693 1324 826 1378 igitur
859 1323 969 1375 quod
998 1335 1076 1375 per
1109 1327 1348 1375 presentem
1380 1324 1666 1378 Augustalem
1691 1325 1893 1379 paginam
1928 1329 2064 1364 notum

187 1406 289 1445 esse
322 1394 512 1433 volumus
538 1396 618 1433 tam
650 1393 861 1432 modernis
890 1404 1010 1445 quam
1043 1393 1227 1445 posteris
1254 1394 1479 1433 uniuersis.
1514 1394 1622 1446 quod
1649 1405 1740 1434 cum
1775 1395 1867 1434 olim
1893 1395 2064 1434 uiuente

188 1464 341 1504 dilecto
372 1464 561 1515 principe
594 1466 739 1502 nostro
775 1462 973 1502 Odakaro
1007 1463 1155 1503 illustri
1189 1465 1435 1503 Boemorum
1467 1463 1612 1518 Rege.
1646 1467 1821 1516 recepto
1854 1477 1878 1504 a
1912 1464 2064 1504 dilecto

191 1534 383 1586 principe
423 1537 465 1572 et
504 1532 627 1572 alline
669 1536 813 1571 nostro
855 1532 1067 1571 Waltz-Iao
1099 1534 1258 1572 iuniori
1289 1534 1411 1583 Reqe
1452 1531 1532 1572 filio
1575 1534 1666 1573 eius
1705 1533 1904 1588 homagio
1945 1534 2064 1573 iuxta

186 1614 339 1643 morem
369 1602 708 1642 concesserimus
735 1603 775 1641 ei
799 1594 1002 1653 tamquam
1038 1602 1166 1653 primo
1194 1604 1343 1656 genito
1378 1602 1430 1642 de
1456 1604 1600 1642 innata
1633 1603 1885 1643 liberalitate
1918 1607 2065 1643 nostra

189 1683 371 1727 regnum
411 1673 583 1711 Boemie
617 1675 713 1722 post
754 1671 942 1710 eiusdem
975 1672 1107 1722 patris
1148 1673 1211 1711 sui
1253 1673 1404 1712 obitum
1445 1672 1498 1711 ab
1540 1673 1710 1724 imperio
1753 1672 2063 1724 possidendum.

187 1742 455 1782 attendentes
479 1740 530 1780 ad
550 1752 744 1792 presens.
763 1751 876 1794 rege
901 1741 1090 1792 predicto
1116 1741 1164 1781 Ο.
1186 1745 1309 1791 patre
1335 1742 1467 1792 ipsius
1492 1741 1621 1781 rebus
1641 1741 1829 1781 humanis
1856 1745 2063 1793 exempto.

188 1811 368 1862 qualiter
401 1811 493 1861 ipse
527 1810 619 1849 dum
655 1811 770 1849 vixit.
806 1810 926 1848 nobis
960 1810 1107 1849 illustri
1140 1811 1418 1850 Romanorum
1460 1812 1572 1864 regi.
1622 1811 1810 1850 Henrico
1845 1812 2063 1850 carissimo

188 1878 268 1919 filio
301 1883 458 1920 nostro.
486 1883 528 1920 et
554 1880 733 1931 Imperio
759 1880 936 1918 deuotus
970 1880 1171 1919 extiterit.
1204 1884 1246 1919 et
1279 1884 1528 1919 memoratus
1554 1878 1659 1919 filius
1693 1881 1785 1919 eius
1819 1880 2065 1920 u'atizlaus

186 1949 285 1989 Rex
318 1950 454 2000 iunior
488 1953 664 2000 paterne
699 1949 934 1988 deuotionis
976 1960 1088 2003 erga
1121 1961 1212 1989 nos.
1254 1949 1404 1988 dictum
1444 1960 1596 2003 regem
1637 1947 1757 1989 filium
1797 1954 1981 1990 nostrum
2023 1954 2065 1990 et

188 2020 407 2070 Imperium
441 2020 618 2059 imitator
652 2022 693 2058 et
726 2030 956 2058 successor
996 2020 1163 2058 existat.
1197 2022 1324 2070 atque
1357 2019 1518 2073 iugiter
1551 2022 1680 2073 grata
1715 2023 1757 2060 et
1795 2019 1929 2059 ardua
1968 2031 2064 2059 ser-

189 2089 300 2128 uicia
339 2088 525 2128 exhibet.
568 2092 610 2128 et
649 2089 691 2127 in
731 2092 858 2127 antea
899 2088 1105 2128 exhibere
1147 2088 1298 2139 poterit
1347 2089 1556 2141 gratiora.
1601 2099 1680 2128 nec
1721 2100 1803 2128 non
1848 2090 1970 2128 etiam
2012 2088 2063 2128 ob

190 2157 361 2197 maioris
401 2157 636 2197 dilectionis
683 2158 881 2211 gratiam.
925 2169 1007 2210 qua
1055 2169 1132 2197 suo
1183 2158 1440 2197 incremento
1489 2162 1692 2197 tenemur.
1735 2170 1826 2197 cum
1866 2158 2065 2198 illustrem

190 2226 387 2280 reginam
425 2256 434 2265 .
469 2225 519 2267 C.
563 2227 755 2266 dilectam
797 2227 1062 2267 consobriam
1112 2230 1296 2267 nostram
1330 2227 1489 2266 habeat
1528 2225 1708 2267 feliciter
1741 2228 1780 2267 in
1814 2232 2064 2268 consortem.

191 2296 482 2335 concessionis
516 2296 664 2336 dudum
698 2297 841 2336 habite
882 2308 1055 2337 munera
1088 2297 1320 2336 liberaliter
1353 2300 1676 2348 prosequentes.
1715 2296 1916 2351 Regnum
1949 2298 2067 2337 Boe-

194 2367 272 2404 mie
306 2377 395 2404 cum
425 2366 531 2405 omni
566 2366 725 2405 honore
750 2377 800 2404 ac
836 2365 1058 2420 dignitate.
1085 2366 1337 2405 ciuitatibus.
1367 2367 1521 2405 castris
1555 2366 1678 2405 villis.
1704 2370 1747 2406 et
1779 2367 1905 2406 terris
1932 2366 2065 2406 eidem

196 2446 336 2489 regno
380 2435 699 2485 pertinemilms.
742 2438 783 2474 et
824 2447 913 2474 cum
957 2436 1062 2474 omni
1104 2436 1194 2474 iure
1248 2447 1328 2487 quo
1370 2435 1506 2474 dietus
1548 2447 1626 2474 rex
1659 2440 1786 2487 pater
1825 2436 1916 2475 eius
1959 2435 2065 2475 idem

193 2515 372 2558 regnum
415 2504 719 2544 rationabiliter
752 2505 940 2544 noscitur
982 2504 1240 2555 possedisse.
1274 2505 1501 2557 imperialis
1544 2506 1804 2545 auctoritatis
1845 2505 2062 2544 munimine
