2212 2876
1099 51 1168 94 76

199 198 493 240 circumeundo
535 197 680 250 positis
720 195 889 236 aceruis
931 195 1000 247 qui
1038 194 1164 246 kopci
1201 194 1270 234 uel
1310 193 1509 249 granicie
1550 192 1755 233 dicuntur.
1793 192 2067 233 limitauimus.

199 270 302 310 Item
351 267 541 308 concedo
587 267 690 318 ipsis
734 264 1010 305 molendinum
1057 264 1305 303 libertatum.
1352 263 1449 302 item
1491 261 1596 301 duos
1645 274 1814 302 mansos
1854 261 1908 302 ad
1947 273 2068 301 usum

198 338 451 378 sacerdotis.
485 336 553 389 qui
587 347 661 386 pro
700 338 886 385 tempore
921 331 1056 373 suerit.
1119 333 1176 372 Et
1216 332 1298 371 hec
1330 335 1474 372 nostra
1516 331 1722 370 ordinatio
1760 329 1874 371 facta
1914 333 1982 370 est
2014 331 2067 371 de

198 407 412 447 uoluntate
444 404 717 445 serenissime
752 402 915 442 domine
955 402 1111 456 regine
1144 401 1435 441 Bohemorum.
1476 397 1641 451 prefate
1674 399 1872 439 videlicet
1904 399 2067 439 domine

197 474 460 518 constantie.
494 475 535 513 in
566 472 785 525 presentia
817 472 1077 511 serenissimi
1111 470 1258 510 domini
1294 469 1473 510 otakari
1504 469 1630 523 regis
1663 469 1954 508 Bohemorum.
1986 468 2068 508 ka-

199 546 352 585 rissimi
376 543 520 584 fratris
548 543 694 582 nostri.
721 542 789 593 qui
814 540 997 595 sigillum
1022 552 1140 580 suum
1164 544 1307 579 nostro
1332 539 1521 579 adiunxit
1546 539 1589 578 in
1612 539 1817 578 munimen
1840 538 2066 578 literarum.

197 615 348 654 Actum
380 614 422 653 in
444 612 614 653 Olomuc
647 611 722 651 111.
749 611 897 650 Nonas
929 610 1125 649 ‚Ianuarii
1151 620 1260 648 anno
1294 608 1498 649 dominice
1520 608 1822 648 incarnationis
1854 607 2067 647 millesimo

197 683 483 723 ducentesimo
532 681 692 721 decimo
749 683 909 732 quarto.
987 678 1146 718 Testes
1192 681 1289 717 sunt
1335 677 1406 718 hii.
1462 677 1658 717 dominus
1707 675 1922 717 otakarus
1970 688 2068 716 γεω.

199 750 410 792 nuber-tus
450 751 674 803 episcopus
723 749 1031 790 olomucensis.
1080 748 1275 787 dominus
1320 746 1567 786 Boleslaus.
1619 732 1890 786 Hermannus
1932 745 2067 785 abbas

196 820 249 859 de
283 819 482 860 Gradish.
515 817 699 859 Sifridus
731 818 865 857 abbas
899 817 951 856 de
983 816 1280 871 VVelegrade.
1322 815 1552 855 Walterus
1586 815 1788 854 decanus.
1822 813 2066 866 Stephanus

197 889 448 940 prepositus.
467 888 710 927 Radozlaus
736 886 1059 926 archidiaconus
1085 890 1127 925 et
1150 895 1293 925 omnes
1319 884 1513 923 canonici
1530 884 1847 936 Oloinucenses.
1871 884 2068 923 Bauarus

201 958 460 997 camerarius
501 956 803 997 Olomucensis.
842 956 1003 996 Zauisa
1036 955 1298 1010 burgi-auius
1339 953 1644 993 Olomucensis.
1684 952 1819 992 Bludo
1852 947 2069 1004 prefectus

196 1027 500 1077 prerouiensis.
535 1026 724 1064 Ditricus
758 1036 848 1064 cum
882 1023 961 1063 filio
1005 1023 1124 1064 Grut.
1159 1022 1274 1063 (Jnso
1314 1020 1421 1061 filius
1455 1022 1669 1061 Bludonis.
1702 1021 1856 1061 Lutek.
1889 1021 2068 1061 XVeIen.

198 1095 333 1135 Zuda.
366 1095 537 1135 Protiua
573 1094 625 1133 de
662 1094 894 1133 Vniczoue.
927 1096 969 1133 et
1007 1093 1075 1131 alii
1110 1102 1230 1144 quam
1270 1091 1443 1143 plurimi.
1510 1091 1659 1131 Datum
1699 1102 1776 1145 per
1807 1101 1954 1130 manus
1986 1090 2068 1130 Jo-

198 1164 348 1204 hannis
383 1164 590 1216 capellani
624 1164 769 1202 nostri.

508 1263 538 1296 E
563 1262 679 1296 codice
704 1262 1012 1294 Tisnowicensi
1035 1260 1105 1293 Ms.
1130 1270 1200 1294 sec.
1226 1259 1320 1292 xlv.

1061 1437 1201 1478 LXV.

202 1537 444 1586 mim-icus,
471 1535 542 1587 qui
568 1537 607 1574 et
635 1533 916 1579 ”Uadis-Imm,
938 1533 1131 1573 nnn-chio
1148 1533 1388 1581 suorumve,
1417 1530 1639 1588 confirmat
1658 1529 1801 1569 ordini
1824 1541 1858 1568 s.
1884 1529 2069 1570 Joanm's

272 1606 583 1657 possessionem
614 1604 815 1643 villarum
851 1599 1021 1642 Yet-{now
1054 1606 1092 1641 el
1121 1599 1327 1641 Brea-ina.
1395 1601 1544 1640 Actum
1585 1601 1629 1639 in
1662 1600 1817 1639 Bruna
1849 1610 1994 1639 mense

914 1672 1143 1721 muman-io,
1186 1670 1206 1710 1
1219 1670 1249 1709 2
1263 1670 1340 1709 14.

333 1765 442 1836 Cin
475 1786 524 1825 In
557 1785 721 1824 nomine
754 1787 904 1823 sancte
938 1787 980 1822 et
1012 1782 1224 1822 indiuidue
1256 1782 1452 1821 trinitatis
1486 1791 1619 1824 amen.
1675 1780 1914 1831 Principum
1946 1779 2070 1820 nobi-

201 1856 353 1897 litatem
381 1855 505 1895 decet
529 1854 848 1908 progenitorum
876 1864 1043 1892 suorum
1068 1850 1180 1891 sacta
1207 1864 1288 1891 non
1313 1851 1443 1890 solum
1477 1849 1771 1889 inuiolabiliter
1794 1859 2069 1888 conseruare.

201 1936 344 1964 uerum
377 1924 499 1964 etiam
525 1924 775 1962 auctoritate
809 1933 886 1961 sue
910 1922 1129 1975 dignitatis
1163 1932 1283 1972 quam
1317 1920 1369 1959 ab
1396 1919 1555 1958 eisdem
1587 1919 1812 1969 accepisse
1840 1918 2070 1956 dinoscitur

202 1993 368 2033 tirmiter
401 1992 619 2032 roborare.
682 1992 793 2032 Hinc
834 1995 901 2031 est
941 1990 1048 2042 quod
1090 2001 1178 2044 ego
1218 1990 1464 2029 Heinricus.
1505 1988 1575 2039 qm·
1616 1990 1656 2026 et
1694 1986 1960 2026 Wladizlaus
2002 1985 2071 2025 dei

202 2063 343 2116 gratia
379 2062 564 2101 marchio
598 2061 795 2101 Morauie
828 2061 1039 2101 uniuersis
1073 2057 1229 2100 Christi
1266 2056 1456 2097 fidelibus
1490 2060 1571 2097 tam
1603 2056 1815 2107 presentis
1849 2066 1967 2106 quam
2002 2055 2072 2094 eui

202 2131 447 2171 successuri
480 2135 617 2169 notum
642 2142 741 2170 esse
775 2130 977 2170 volumus.
1004 2129 1110 2181 quod
1146 2129 1213 2179 pie
1244 2128 1439 2167 memorie
1463 2130 1582 2177 pater
1614 2136 1730 2165 meus
1763 2137 1788 2163 a
1816 2136 1896 2176 quo
1923 2135 2071 2164 nomen

203 2204 245 2239 et
278 2211 461 2253 regnum
493 2198 655 2238 habere
695 2199 843 2238 videor
874 2198 1075 2239 videlicet
1115 2196 1395 2236 Wladizlam.
1436 2207 1516 2235 rex
1554 2194 1831 2234 Bohemorum
1869 2191 2070 2235 fratribus

203 2268 423 2319 hospitalis
466 2272 508 2307 et
550 2268 692 2307 domus
734 2270 870 2307 sam-ti
908 2267 1124 2308 Johamzis
1156 2265 1523 2306 Hier-osolimitani
1562 2263 1614 2303 ad
1649 2264 1886 2315 petitionem
1925 2260 2069 2303 fratris

204 2338 265 2376 sui
293 2337 475 2376 Hemici
500 2335 621 2375 ducis
639 2338 942 2376 illm-aniensis
962 2336 1082 2376 uillas
1105 2335 1309 2375 Thusnou
1333 2337 1371 2373 el
1394 2333 1553 2373 Brezie
1577 2344 1667 2372 cum
1692 2333 1780 2372 suis
1807 2330 2069 2383 pertinentiis

203 2406 437 2445 contulerat
468 2406 558 2444 iure
586 2405 831 2444 hereditatis
856 2403 1014 2446 Christi
1038 2403 1317 2456 possidendas
1349 2404 1390 2442 in
1415 2405 1671 2453 perpetuum.
1722 2400 1853 2450 Quam
1887 2398 2068 2438 nichilo-

203 2475 335 2515 minus
382 2474 644 2515 donationem
686 2475 818 2515 minus
858 2475 964 2515 iuste
1004 2473 1156 2514 saetam
1196 2483 1306 2517 nunc
1347 2471 1664 2513 contradicente
1714 2473 1755 2509 et
1795 2469 1896 2510 iuris
1937 2465 2068 2508 forma
