2212 2876
137 253 339 293 ardenter
363 254 548 293 cucurrit
574 256 615 292 et
639 264 692 293 ne
723 254 815 306 quis
840 256 921 294 tam
946 254 1044 295 boni
1070 255 1272 307 propositi
1298 267 1322 295 a
1354 254 1520 295 diabolo
1546 255 1750 308 deceptus
1773 256 2015 297 destructor

136 323 178 362 in
211 320 390 362 futurum
423 323 642 363 existeret.
668 322 912 377 Pragensis
939 324 1124 364 ecclesie
1157 324 1367 376 presulem
1401 324 1503 364 adiit
1527 324 1608 364 hoc
1641 325 1773 376 ipsum
1806 330 2012 377 perpetuo

136 391 405 432 anathemate
438 403 530 431 cum
563 392 659 431 iuda
693 392 896 432 traditore
930 396 972 432 et
1012 395 1103 434 eius
1137 394 1395 445 sequacibus
1429 394 1707 434 innodandum
1740 406 1840 434 esse
1873 395 2012 445 peciit.

136 462 301 500 cvnctis
334 465 416 500 tum
449 461 717 513 presentibus
744 473 795 501 ac
829 462 1103 515 clamantibus
1135 464 1283 503 Amen.
1327 463 1421 502 Hec
1454 466 1551 502 sunt
1583 464 1682 503 ville
1717 467 1758 503 et
1791 464 1872 503 alia
1904 463 2013 503 bona

137 540 218 582 que
259 531 431 570 contulit
470 531 580 570 bone
621 531 814 570 memorie
854 531 1079 571 Boleslaus
1129 532 1228 572 dux.
1269 531 1562 585 Wodochotij.
1603 533 1810 584 Zaiecye.
1854 533 2011 571 Blasin.

136 610 229 639 cum
262 601 439 640 circuitu
472 600 593 651 silue.
635 600 705 640 De
738 597 892 640 familia
924 604 1061 640 autem
1095 601 1174 640 has
1208 601 1345 641 villas.
1378 602 1579 643 Sazawa.
1605 600 1776 643 Sedlce.
1810 602 2012 653 Myeclii-

139 669 249 720 nicy.
283 670 519 721 piscatores
553 673 690 710 autem
723 669 1068 710 Drazowichich.
1102 670 1306 711 Trebani.
1340 670 1621 723 Lahowicyh.
1679 671 1910 712 odalricus
1944 672 2012 722 pie

136 739 332 778 memorie
366 739 451 778 dux
485 740 695 778 oracionis
729 750 861 778 causa
895 739 948 778 ab
990 740 1094 790 [ad]
1131 740 1424 780 Ostrowiense
1465 741 1684 780 cenobium
1718 741 1798 780 hec
1838 736 2016 779 donaria'

134 807 306 847 tradidit
337 808 482 847 verbis
516 808 787 859 interpositis.
820 812 864 848 ut
897 810 933 847 si
965 820 1145 860 unquam
1187 810 1279 861 quis
1312 809 1516 849 hominum
1550 810 1603 849 ab
1645 810 1724 849 hoc
1758 809 2011 849 monasterio

135 876 216 916 hec
250 874 421 916 auferre
456 877 680 917 moliretur.
715 882 862 917 eterno
901 878 1067 917 vinculo
1102 890 1191 917 cum
1227 879 1319 918 iuda
1357 891 1488 918 auaro
1523 882 1565 919 et
1606 879 1725 930 impio
1764 880 2011 918 anatematis

134 945 406 998 plecteretur.
429 945 702 997 Swoysic-yli.
728 946 1059 997 Nahorubyecli.
1089 948 1395 999 l‘oryesicliyli.
1430 949 1696 999 errglslems
1716 948 1827 988 bone
1862 948 2010 988 indolis

136 1019 231 1066 tyro
274 1019 489 1066 postquam
534 1016 676 1054 sedem
722 1017 884 1066 paterni
927 1016 1103 1056 diu-atus
1138 1018 1325 1057 obtinuit.
1367 1018 1446 1057 hec
1488 1018 1596 1057 dona
1630 1018 1738 1057 Deo.
1779 1021 1821 1057 et
1861 1021 2010 1057 sancto

135 1084 321 1124 Jolianni
369 1084 565 1135 baptiste.
618 1085 800 1124 (istrow.
841 1097 916 1136 pro
959 1087 1143 1125 remedio
1193 1087 1326 1125 anime
1367 1098 1444 1127 sue
1493 1098 1745 1138 suorumque
1791 1090 2011 1137 parentum

135 1153 317 1193 tradidit.
353 1152 628 1205 (¹vsowicyli.
674 1154 890 1193 debitores
924 1156 1069 1194 mellis.
1114 1155 1329 1206 Capellam
1364 1167 1529 1207 quoque
1564 1157 1603 1195 in
1637 1156 1839 1207 spelunca
1874 1156 2009 1194 sancti

140 1223 349 1262 Johannis
390 1224 570 1274 baptiste
612 1223 706 1262 huic
748 1224 839 1263 loco
880 1224 1050 1263 addidit.
1116 1226 1295 1276 Insuper
1336 1230 1377 1264 et
1418 1225 1617 1264 custodes
1659 1226 1789 1277 ipsius
1823 1225 2009 1264 ecclesie

140 1290 466 1332 Chrustimichili
519 1297 559 1332 et
603 1293 841 1344 Nuncycyh
890 1294 1024 1332 villam
1074 1306 1165 1333 cum
1214 1295 1449 1345 hospitibus
1499 1294 1672 1335 Sedlce.
1736 1295 1837 1333 ltem
1889 1294 2010 1333 aliam

136 1362 339 1413 capellam
381 1362 421 1400 in
458 1362 580 1401 Veliz
615 1374 704 1401 cum
749 1362 935 1401 omnibus
970 1364 1203 1414 apendiciis
1237 1365 1326 1403 suis
1361 1364 1486 1403 dedit.
1552 1364 1796 1403 Piscatores
1838 1364 2009 1403 Drazo-

135 1431 304 1482 wycyh.
353 1432 554 1471 custodes
604 1432 789 1471 eiusdem
840 1433 1025 1471 ecclesie
1078 1434 1432 1484 (ltrocynyewsy.
1488 1431 1708 1484 (¹)‘rninye
1753 1437 1907 1472 terram
1956 1433 2009 1473 ad

135 1505 314 1553 quatuor
352 1505 507 1540 aratra.
573 1500 798 1542 (fii-ruitum
841 1514 1006 1553 quoque
1048 1503 1154 1541 silue
1198 1502 1305 1553 quod
1349 1502 1498 1541 dicitur
1540 1502 1691 1542 Zaton.
1732 1507 1774 1542 et
1806 1502 2009 1553 capellam

134 1570 245 1610 beati
285 1570 494 1609 Johannis
534 1570 730 1621 baptiste.
782 1582 870 1609 cum
912 1571 1100 1610 omnibus
1141 1572 1191 1610 ad
1240 1582 1330 1610 eam
1375 1557 1694 1622 pertinentibus.
1735 1571 2009 1623 Domaslicyh

135 1640 305 1679 ciuitate
347 1641 480 1678 eciam
521 1639 791 1678 ebdomadam
842 1640 1040 1679 decimam
1090 1641 1289 1691 tiu-loney
1338 1641 1510 1680 contulit
1551 1653 1640 1680 cum
1681 1641 1846 1692 capella
1894 1641 2007 1680 beati

135 1709 289 1749 Jacobi
332 1708 508 1760 apostoli
551 1720 640 1747 cuni
683 1710 871 1748 omnibus
912 1710 1145 1760 apendiciis
1189 1711 1290 1749 suis.
1355 1711 1468 1749 luter
1510 1710 1589 1749 hec
1630 1710 1879 1762 ›S'pilessy'm’us
1922 1711 2008 1749 dux

136 1778 409 1818 Bohemorum
447 1778 593 1829 villain
615 1778 887 1829 'l'rebenicyh
924 1791 997 1829 pro
1033 1779 1217 1818 remedio
1259 1780 1394 1818 anime
1435 1791 1512 1819 sue
1551 1791 1803 1831 suorumque
1837 1780 2007 1819 addidit.

136 1848 305 1887 Hercaz
339 1848 470 1887 eciam
505 1848 706 1898 quosdam
740 1847 927 1887 homines
969 1849 1036 1900 qui
1070 1852 1135 1887 ter
1169 1850 1208 1887 in
1242 1861 1351 1887 anno
1392 1849 1593 1888 scutellas
1628 1853 1670 1888 et
1701 1853 1847 1888 cetera
1881 1852 2007 1888 vten-

137 1917 231 1956 silia
265 1916 444 1956 soluant.
519 1917 774 1955 wratislaus
808 1917 893 1956 dux
937 1918 1215 1957 Boliemorum
1257 1918 1496 1957 succedens
1529 1919 1569 1957 in
1614 1922 1829 1970 paternum
1862 1919 2008 1959 solium

134 1998 218 2025 non
251 1986 517 2025 mediocriter
550 1986 661 2036 cepit
690 1986 887 2026 insudare
922 1987 1100 2038 qualiter
1133 1987 1265 2026 locum
1299 1988 1410 2027 beati
1436 1988 1645 2027 ,Iohannis
1679 1988 1862 2039 baptiste
1897 1988 2006 2040 quod

136 2059 202 2093 est
251 2054 422 2095 ostrow
469 2055 660 2094 dilataret
704 2060 745 2094 et
786 2056 837 2094 ob
871 2058 1104 2095 memoriam
1146 2057 1209 2096 sui
1244 2060 1646 2109 antecessorumque
1681 2057 2006 2098 suorum'multa

137 2123 251 2163 vtilia
276 2125 317 2163 in
345 2123 526 2163 diuersis
551 2124 654 2164 locis
680 2125 864 2164 contulit.
916 2125 959 2163 Id
988 2129 1053 2164 est
1080 2126 1217 2164 villam
1246 2124 1493 2177 Clurynany.
1527 2127 1647 2166 aliam
1674 2138 1839 2180 quoque
1868 2127 2006 2167 villam

136 2192 399 2244 VVsetycyh.
433 2193 571 2233 villam
605 2205 782 2246 quoque.
818 2205 898 2246 que
933 2194 1084 2234 dicitur
1116 2195 1238 2235 Noue
1272 2196 1402 2234 sedlo.
1467 2196 1548 2235 Hic
1582 2196 1852 2236 wratislaus
1884 2200 2005 2248 post-

135 2261 272 2313 posito
312 2263 476 2302 nomine
518 2262 637 2302 ducis
688 2274 765 2302 rex
817 2264 1023 2315 apellatus
1070 2264 1193 2304 multa
1245 2265 1429 2304 ecclesie
1470 2264 1634 2316 prefate
1675 2266 1850 2305 donaria
1892 2266 2006 2306 dedit

135 2330 303 2370 casulas
337 2333 379 2370 et
403 2331 540 2382 pallia.
565 2336 607 2371 et
639 2332 759 2371 alium
784 2337 971 2372 ornatum
1005 2334 1045 2372 in
1079 2333 1273 2372 diuersos
1302 2335 1579 2374 vs11s.villa1n
1613 2336 1743 2374 eciam
1777 2334 2005 2387 Stasowye

135 2399 262 2443 dedit.
301 2400 481 2451 Insuper
521 2404 562 2440 et
602 2401 760 2452 Zymas
803 2406 958 2441 terram
999 2402 1091 2453 plus
1135 2413 1255 2454 quam
1297 2404 1350 2442 ad
1391 2404 1534 2443 decem
1576 2409 1718 2444 aratra
1759 2416 1849 2444 cum
1883 2405 2003 2444 silua.

136 2466 217 2516 Qui
251 2479 329 2507 rex
362 2472 406 2508 ut
438 2468 625 2520 prudens
657 2470 777 2509 homo
812 2482 1050 2522 precauens
1084 2472 1123 2510 in
1159 2470 1333 2511 l'uturum
1378 2486 1431 2512 ne
1466 2474 1558 2525 quis
1593 2474 1750 2512 emulus
1784 2475 2004 2525 prosperi-

135 2541 221 2577 tate
260 2537 400 2578 habita
442 2537 522 2577 hec
562 2543 840 2590 pei-uerteret.
880 2540 1092 2580 Jaromiro
1133 2553 1209 2581 suo
1253 2539 1370 2582 fratri
1410 2547 1508 2582 tunc
1548 2544 1745 2594 temporis
1786 2543 2004 2598 Pragensi
