<?xml version="1.0" encoding="UTF-8"?>
<!DOCTYPE html PUBLIC "-//W3C//DTD XHTML 1.0 Transitional//EN"
    "http://www.w3.org/TR/xhtml1/DTD/xhtml1-transitional.dtd">
<html xmlns="http://www.w3.org/1999/xhtml" xml:lang="en" lang="en">
 <head>
  <title>
</title>
<meta http-equiv="Content-Type" content="text/html;charset=utf-8" />
  <meta name='ocr-system' content='tesseract 3.04.00' />
  <meta name='ocr-capabilities' content='ocr_page ocr_carea ocr_par ocr_line ocrx_word'/>
</head>
<body>
  <div class='ocr_page' id='page_1' title='image "./codexdiplomaticu02morauoft_0336.png"; bbox 0 0 2212 2876; ppageno 0'>
   <div class='ocr_carea' id='block_1_1' title="bbox 1108 116 1213 156">
    <p class='ocr_par' dir='ltr' id='par_1_1' title="bbox 1108 116 1213 156">
     <span class='ocr_line' id='line_1_1' title="bbox 1108 116 1213 156; baseline 0 0"><span class='ocrx_word' id='word_1_1' title='bbox 1108 116 1213 156; x_wconf 76' lang='lat'><em>326</em></span> 
     </span>
    </p>
   </div>
   <div class='ocr_carea' id='block_1_2' title="bbox 1056 180 1312 184">
    <p class='ocr_par' dir='ltr' id='par_1_2' title="bbox 1056 180 1312 184">
     <span class='ocr_line' id='line_1_2' title="bbox 1056 180 1312 184; baseline 0 0"><span class='ocrx_word' id='word_1_2' title='bbox 1056 180 1312 184; x_wconf 95' lang='lat' dir='ltr'><em> </em></span> 
     </span>
    </p>
   </div>
   <div class='ocr_carea' id='block_1_3' title="bbox 213 257 2095 2580">
    <p class='ocr_par' dir='ltr' id='par_1_3' title="bbox 213 257 2095 2580">
     <span class='ocr_line' id='line_1_3' title="bbox 221 257 2091 312; baseline 0.001 -13"><span class='ocrx_word' id='word_1_3' title='bbox 221 260 304 299; x_wconf 78' lang='lat' dir='ltr'><em>huc</em></span> <span class='ocrx_word' id='word_1_4' title='bbox 349 272 482 311; x_wconf 88' lang='lat' dir='ltr'><em>usque</em></span> <span class='ocrx_word' id='word_1_5' title='bbox 521 258 811 312; x_wconf 81' lang='lat' dir='ltr'><em>possederunt.</em></span> <span class='ocrx_word' id='word_1_6' title='bbox 858 259 903 297; x_wconf 89' lang='lat' dir='ltr'><em>in</em></span> <span class='ocrx_word' id='word_1_7' title='bbox 942 257 1050 297; x_wconf 86' lang='lat' dir='ltr'><em>bona</em></span> <span class='ocrx_word' id='word_1_8' title='bbox 1089 258 1388 309; x_wconf 70' lang='lat' dir='ltr'><em>tranquillitate</em></span> <span class='ocrx_word' id='word_1_9' title='bbox 1429 259 1555 311; x_wconf 87' lang='lat' dir='ltr'><em>pacis</em></span> <span class='ocrx_word' id='word_1_10' title='bbox 1594 259 1788 299; x_wconf 82' lang='lat' dir='ltr'><em>ammodo</em></span> <span class='ocrx_word' id='word_1_11' title='bbox 1832 260 2091 312; x_wconf 75' lang='lat' dir='ltr'><em>possideant.</em></span> 
     </span>
     <span class='ocr_line' id='line_1_4' title="bbox 225 327 2091 381; baseline 0 -12"><span class='ocrx_word' id='word_1_12' title='bbox 225 329 325 368; x_wconf 87' lang='lat' dir='ltr'><em>Item</em></span> <span class='ocrx_word' id='word_1_13' title='bbox 356 329 500 368; x_wconf 84' lang='lat' dir='ltr'><em>nullus</em></span> <span class='ocrx_word' id='word_1_14' title='bbox 534 328 797 367; x_wconf 81' lang='lat' dir='ltr'><em>camerarius</em></span> <span class='ocrx_word' id='word_1_15' title='bbox 830 327 927 366; x_wconf 85' lang='lat' dir='ltr'><em>citet</em></span> <span class='ocrx_word' id='word_1_16' title='bbox 949 327 1128 378; x_wconf 76' lang='lat' dir='ltr'><em>aliquem</em></span> <span class='ocrx_word' id='word_1_17' title='bbox 1160 328 1246 366; x_wconf 87' lang='lat' dir='ltr'><em>nisi</em></span> <span class='ocrx_word' id='word_1_18' title='bbox 1278 330 1390 366; x_wconf 89' lang='lat' dir='ltr'><em>certo</em></span> <span class='ocrx_word' id='word_1_19' title='bbox 1417 339 1512 366; x_wconf 80' lang='lat' dir='ltr'><em>cuni</em></span> <span class='ocrx_word' id='word_1_20' title='bbox 1544 329 1776 367; x_wconf 86' lang='lat' dir='ltr'><em>testimonio</em></span> <span class='ocrx_word' id='word_1_21' title='bbox 1808 340 1953 369; x_wconf 87' lang='lat' dir='ltr'><em>eorum</em></span> <span class='ocrx_word' id='word_1_22' title='bbox 1984 341 2091 381; x_wconf 90' lang='lat' dir='ltr'><em>quo-</em></span> 
     </span>
     <span class='ocr_line' id='line_1_5' title="bbox 221 395 2090 447; baseline 0.001 -11"><span class='ocrx_word' id='word_1_23' title='bbox 221 410 314 437; x_wconf 86' lang='lat' dir='ltr'><em>rum</em></span> <span class='ocrx_word' id='word_1_24' title='bbox 349 396 522 438; x_wconf 81' lang='lat' dir='ltr'><em>interest</em></span> <span class='ocrx_word' id='word_1_25' title='bbox 558 401 598 436; x_wconf 89' lang='lat' dir='ltr'><em>et</em></span> <span class='ocrx_word' id='word_1_26' title='bbox 626 397 871 435; x_wconf 79' lang='lat' dir='ltr'><em>nominatim</em></span> <span class='ocrx_word' id='word_1_27' title='bbox 903 395 1074 447; x_wconf 74' lang='lat' dir='ltr'><em>quilibet</em></span> <span class='ocrx_word' id='word_1_28' title='bbox 1112 407 1257 435; x_wconf 90' lang='lat' dir='ltr'><em>eorum</em></span> <span class='ocrx_word' id='word_1_29' title='bbox 1290 395 1408 435; x_wconf 85' lang='lat' dir='ltr'><em>debet</em></span> <span class='ocrx_word' id='word_1_30' title='bbox 1438 396 1594 436; x_wconf 88' lang='lat' dir='ltr'><em>ducere</em></span> <span class='ocrx_word' id='word_1_31' title='bbox 1626 397 1847 437; x_wconf 84' lang='lat' dir='ltr'><em>castellani</em></span> <span class='ocrx_word' id='word_1_32' title='bbox 1877 399 2090 438; x_wconf 87' lang='lat' dir='ltr'><em>nuncium.</em></span> 
     </span>
     <span class='ocr_line' id='line_1_6' title="bbox 222 463 2095 517; baseline 0 -11"><span class='ocrx_word' id='word_1_33' title='bbox 222 469 260 505; x_wconf 87' lang='lat' dir='ltr'><em>et</em></span> <span class='ocrx_word' id='word_1_34' title='bbox 290 467 420 506; x_wconf 86' lang='lat' dir='ltr'><em>alium</em></span> <span class='ocrx_word' id='word_1_35' title='bbox 461 466 629 505; x_wconf 81' lang='lat' dir='ltr'><em>iudicis.</em></span> <span class='ocrx_word' id='word_1_36' title='bbox 662 466 836 517; x_wconf 85' lang='lat' dir='ltr'><em>insuper</em></span> <span class='ocrx_word' id='word_1_37' title='bbox 876 463 983 503; x_wconf 90' lang='lat' dir='ltr'><em>duos</em></span> <span class='ocrx_word' id='word_1_38' title='bbox 1011 463 1170 516; x_wconf 87' lang='lat' dir='ltr'><em>probos</em></span> <span class='ocrx_word' id='word_1_39' title='bbox 1208 464 1329 504; x_wconf 84' lang='lat' dir='ltr'><em>uiros</em></span> <span class='ocrx_word' id='word_1_40' title='bbox 1362 464 1414 504; x_wconf 85' lang='lat' dir='ltr'><em>de</em></span> <span class='ocrx_word' id='word_1_41' title='bbox 1453 465 1853 505; x_wconf 82' lang='lat' dir='ltr'><em>circumsedentibus</em></span> <span class='ocrx_word' id='word_1_42' title='bbox 1885 467 2014 506; x_wconf 84' lang='lat' dir='ltr'><em>uillis.</em></span> <span class='ocrx_word' id='word_1_43' title='bbox 2055 470 2095 507; x_wconf 90' lang='lat' dir='ltr'><em>et</em></span> 
     </span>
     <span class='ocr_line' id='line_1_7' title="bbox 221 533 2091 587; baseline 0 -13"><span class='ocrx_word' id='word_1_44' title='bbox 221 536 260 574; x_wconf 88' lang='lat' dir='ltr'><em>si</em></span> <span class='ocrx_word' id='word_1_45' title='bbox 292 535 554 574; x_wconf 84' lang='lat' dir='ltr'><em>camerarius</em></span> <span class='ocrx_word' id='word_1_46' title='bbox 586 533 706 573; x_wconf 87' lang='lat' dir='ltr'><em>uadit</em></span> <span class='ocrx_word' id='word_1_47' title='bbox 728 534 819 585; x_wconf 88' lang='lat' dir='ltr'><em>ipse</em></span> <span class='ocrx_word' id='word_1_48' title='bbox 850 533 1076 572; x_wconf 83' lang='lat' dir='ltr'><em>secundus.</em></span> <span class='ocrx_word' id='word_1_49' title='bbox 1110 535 1183 572; x_wconf 87' lang='lat' dir='ltr'><em>aut</em></span> <span class='ocrx_word' id='word_1_50' title='bbox 1210 535 1366 573; x_wconf 86' lang='lat' dir='ltr'><em>tercius</em></span> <span class='ocrx_word' id='word_1_51' title='bbox 1398 535 1490 574; x_wconf 87' lang='lat' dir='ltr'><em>sine</em></span> <span class='ocrx_word' id='word_1_52' title='bbox 1512 534 1681 574; x_wconf 88' lang='lat' dir='ltr'><em>nunciis</em></span> <span class='ocrx_word' id='word_1_53' title='bbox 1714 533 2091 587; x_wconf 81' lang='lat' dir='ltr'><em>beneficiariorum.</em></span> 
     </span>
     <span class='ocr_line' id='line_1_8' title="bbox 221 601 2090 655; baseline 0 -13"><span class='ocrx_word' id='word_1_54' title='bbox 221 604 259 642; x_wconf 88' lang='lat' dir='ltr'><em>si</em></span> <span class='ocrx_word' id='word_1_55' title='bbox 290 604 537 655; x_wconf 82' lang='lat' dir='ltr'><em>interficitur</em></span> <span class='ocrx_word' id='word_1_56' title='bbox 560 602 694 642; x_wconf 74' lang='lat' dir='ltr'><em>nic-llil</em></span> <span class='ocrx_word' id='word_1_57' title='bbox 726 602 777 641; x_wconf 89' lang='lat' dir='ltr'><em>de</em></span> <span class='ocrx_word' id='word_1_58' title='bbox 809 614 858 642; x_wconf 92' lang='lat' dir='ltr'><em>eo</em></span> <span class='ocrx_word' id='word_1_59' title='bbox 889 601 1209 654; x_wconf 73' lang='lat' dir='ltr'><em>respondeatur.</em></span> <span class='ocrx_word' id='word_1_60' title='bbox 1257 601 1313 643; x_wconf 67' lang='lat' dir='ltr'><em>Si·</em></span> <span class='ocrx_word' id='word_1_61' title='bbox 1340 602 1475 654; x_wconf 85' lang='lat' dir='ltr'><em>fuerit</em></span> <span class='ocrx_word' id='word_1_62' title='bbox 1500 602 1577 655; x_wconf 72' lang='lat' dir='ltr'><em>fur</em></span> <span class='ocrx_word' id='word_1_63' title='bbox 1610 602 1726 654; x_wconf 84' lang='lat' dir='ltr'><em>apud</em></span> <span class='ocrx_word' id='word_1_64' title='bbox 1756 602 1936 654; x_wconf 76' lang='lat' dir='ltr'><em>aliquem</em></span> <span class='ocrx_word' id='word_1_65' title='bbox 1966 602 2090 643; x_wconf 86' lang='lat' dir='ltr'><em>nobi-</em></span> 
     </span>
     <span class='ocr_line' id='line_1_9' title="bbox 219 669 2090 724; baseline -0.001 -12"><span class='ocrx_word' id='word_1_66' title='bbox 219 673 299 712; x_wconf 88' lang='lat' dir='ltr'><em>lem</em></span> <span class='ocrx_word' id='word_1_67' title='bbox 337 673 409 711; x_wconf 90' lang='lat' dir='ltr'><em>uel</em></span> <span class='ocrx_word' id='word_1_68' title='bbox 446 671 562 724; x_wconf 90' lang='lat' dir='ltr'><em>apud</em></span> <span class='ocrx_word' id='word_1_69' title='bbox 599 672 779 722; x_wconf 84' lang='lat' dir='ltr'><em>aliquem</em></span> <span class='ocrx_word' id='word_1_70' title='bbox 813 672 934 711; x_wconf 89' lang='lat' dir='ltr'><em>cuius</em></span> <span class='ocrx_word' id='word_1_71' title='bbox 974 672 1038 710; x_wconf 88' lang='lat' dir='ltr'><em>est</em></span> <span class='ocrx_word' id='word_1_72' title='bbox 1075 671 1178 710; x_wconf 76' lang='lat' dir='ltr'><em>villa</em></span> <span class='ocrx_word' id='word_1_73' title='bbox 1219 672 1259 710; x_wconf 84' lang='lat' dir='ltr'><em>et</em></span> <span class='ocrx_word' id='word_1_74' title='bbox 1295 669 1459 710; x_wconf 87' lang='lat' dir='ltr'><em>dederit</em></span> <span class='ocrx_word' id='word_1_75' title='bbox 1496 683 1589 710; x_wconf 88' lang='lat' dir='ltr'><em>eum</em></span> <span class='ocrx_word' id='word_1_76' title='bbox 1629 671 1759 710; x_wconf 88' lang='lat' dir='ltr'><em>curie.</em></span> <span class='ocrx_word' id='word_1_77' title='bbox 1802 672 1942 710; x_wconf 89' lang='lat' dir='ltr'><em>omnia</em></span> <span class='ocrx_word' id='word_1_78' title='bbox 1982 670 2090 711; x_wconf 87' lang='lat' dir='ltr'><em>bona</em></span> 
     </span>
     <span class='ocr_line' id='line_1_10' title="bbox 219 739 2090 793; baseline 0 -13"><span class='ocrx_word' id='word_1_79' title='bbox 219 753 298 780; x_wconf 85' lang='lat' dir='ltr'><em>sua</em></span> <span class='ocrx_word' id='word_1_80' title='bbox 330 741 425 780; x_wconf 86' lang='lat' dir='ltr'><em>sint.</em></span> <span class='ocrx_word' id='word_1_81' title='bbox 459 743 499 779; x_wconf 83' lang='lat' dir='ltr'><em>et</em></span> <span class='ocrx_word' id='word_1_82' title='bbox 529 740 683 779; x_wconf 86' lang='lat' dir='ltr'><em>cottum</em></span> <span class='ocrx_word' id='word_1_83' title='bbox 717 741 807 779; x_wconf 87' lang='lat' dir='ltr'><em>eius</em></span> <span class='ocrx_word' id='word_1_84' title='bbox 840 739 961 779; x_wconf 86' lang='lat' dir='ltr'><em>detur</em></span> <span class='ocrx_word' id='word_1_85' title='bbox 993 740 1038 779; x_wconf 90' lang='lat' dir='ltr'><em>in</em></span> <span class='ocrx_word' id='word_1_86' title='bbox 1065 741 1309 793; x_wconf 80' lang='lat' dir='ltr'><em>potestatem</em></span> <span class='ocrx_word' id='word_1_87' title='bbox 1336 740 1564 791; x_wconf 76' lang='lat' dir='ltr'><em>princ-ipis.</em></span> <span class='ocrx_word' id='word_1_88' title='bbox 1620 739 1804 791; x_wconf 80' lang='lat' dir='ltr'><em>Insuper</em></span> <span class='ocrx_word' id='word_1_89' title='bbox 1836 740 1875 778; x_wconf 86' lang='lat' dir='ltr'><em>si</em></span> <span class='ocrx_word' id='word_1_90' title='bbox 1902 740 1979 793; x_wconf 80' lang='lat' dir='ltr'><em>fur</em></span> <span class='ocrx_word' id='word_1_91' title='bbox 2012 753 2090 780; x_wconf 90' lang='lat' dir='ltr'><em>ca·-</em></span> 
     </span>
     <span class='ocr_line' id='line_1_11' title="bbox 215 808 2090 862; baseline 0 -14"><span class='ocrx_word' id='word_1_92' title='bbox 215 811 330 862; x_wconf 89' lang='lat' dir='ltr'><em>pitur</em></span> <span class='ocrx_word' id='word_1_93' title='bbox 363 811 407 848; x_wconf 86' lang='lat' dir='ltr'><em>in</em></span> <span class='ocrx_word' id='word_1_94' title='bbox 439 810 580 860; x_wconf 87' lang='lat' dir='ltr'><em>aliquo</em></span> <span class='ocrx_word' id='word_1_95' title='bbox 613 809 706 848; x_wconf 90' lang='lat' dir='ltr'><em>loco</em></span> <span class='ocrx_word' id='word_1_96' title='bbox 739 811 778 847; x_wconf 87' lang='lat' dir='ltr'><em>et</em></span> <span class='ocrx_word' id='word_1_97' title='bbox 807 808 1092 861; x_wconf 82' lang='lat' dir='ltr'><em>suspenditur.</em></span> <span class='ocrx_word' id='word_1_98' title='bbox 1119 809 1259 848; x_wconf 88' lang='lat' dir='ltr'><em>omnia</em></span> <span class='ocrx_word' id='word_1_99' title='bbox 1292 820 1371 848; x_wconf 85' lang='lat' dir='ltr'><em>sua</em></span> <span class='ocrx_word' id='word_1_100' title='bbox 1402 809 1614 860; x_wconf 83' lang='lat' dir='ltr'><em>principis</em></span> <span class='ocrx_word' id='word_1_101' title='bbox 1643 811 1740 847; x_wconf 87' lang='lat' dir='ltr'><em>sunt</em></span> <span class='ocrx_word' id='word_1_102' title='bbox 1766 810 1907 860; x_wconf 83' lang='lat' dir='ltr'><em>preter</em></span> <span class='ocrx_word' id='word_1_103' title='bbox 1936 809 2090 861; x_wconf 60' lang='lat' dir='ltr'><em>fruges</em></span> 
     </span>
     <span class='ocr_line' id='line_1_12' title="bbox 217 870 2094 931; baseline -0.001 -13"><span class='ocrx_word' id='word_1_104' title='bbox 217 891 296 931; x_wconf 89' lang='lat' dir='ltr'><em>que</em></span> <span class='ocrx_word' id='word_1_105' title='bbox 327 878 467 918; x_wconf 79' lang='lat' dir='ltr'><em>adhuc</em></span> <span class='ocrx_word' id='word_1_106' title='bbox 507 879 552 918; x_wconf 89' lang='lat' dir='ltr'><em>in</em></span> <span class='ocrx_word' id='word_1_107' title='bbox 585 889 692 929; x_wconf 71' lang='lat' dir='ltr'><em>ayro</em></span> <span class='ocrx_word' id='word_1_108' title='bbox 725 879 1052 917; x_wconf 50' lang='lat' dir='ltr'><em>remanserunt(</em></span> <span class='ocrx_word' id='word_1_109' title='bbox 1093 870 1199 917; x_wconf 86' lang='lat' dir='ltr'><em>Item</em></span> <span class='ocrx_word' id='word_1_110' title='bbox 1238 876 1352 929; x_wconf 87' lang='lat' dir='ltr'><em>quod</em></span> <span class='ocrx_word' id='word_1_111' title='bbox 1381 876 1538 917; x_wconf 87' lang='lat' dir='ltr'><em>dicitur</em></span> <span class='ocrx_word' id='word_1_112' title='bbox 1577 875 1714 917; x_wconf 69' lang='lat' dir='ltr'><em>narolc</em></span> <span class='ocrx_word' id='word_1_113' title='bbox 1746 876 1830 916; x_wconf 75' lang='lat' dir='ltr'><em>lioc</em></span> <span class='ocrx_word' id='word_1_114' title='bbox 1857 888 1943 916; x_wconf 88' lang='lat' dir='ltr'><em>non</em></span> <span class='ocrx_word' id='word_1_115' title='bbox 1974 876 2094 917; x_wconf 87' lang='lat' dir='ltr'><em>debet</em></span> 
     </span>
     <span class='ocr_line' id='line_1_13' title="bbox 219 937 2095 987; baseline -0.001 -1"><span class='ocrx_word' id='word_1_116' title='bbox 219 959 311 986; x_wconf 85' lang='lat' dir='ltr'><em>esse</em></span> <span class='ocrx_word' id='word_1_117' title='bbox 341 948 427 987; x_wconf 85' lang='lat' dir='ltr'><em>nisi</em></span> <span class='ocrx_word' id='word_1_118' title='bbox 456 947 529 987; x_wconf 83' lang='lat' dir='ltr'><em>ubi</em></span> <span class='ocrx_word' id='word_1_119' title='bbox 560 949 728 986; x_wconf 80' lang='lat' dir='ltr'><em>constet.</em></span> <span class='ocrx_word' id='word_1_120' title='bbox 768 946 844 986; x_wconf 87' lang='lat' dir='ltr'><em>sub</em></span> <span class='ocrx_word' id='word_1_121' title='bbox 878 949 990 986; x_wconf 85' lang='lat' dir='ltr'><em>certo</em></span> <span class='ocrx_word' id='word_1_122' title='bbox 1023 947 1255 986; x_wconf 85' lang='lat' dir='ltr'><em>testimonio</em></span> <span class='ocrx_word' id='word_1_123' title='bbox 1288 958 1368 985; x_wconf 89' lang='lat' dir='ltr'><em>sua</em></span> <span class='ocrx_word' id='word_1_124' title='bbox 1407 945 1514 985; x_wconf 85' lang='lat' dir='ltr'><em>bona</em></span> <span class='ocrx_word' id='word_1_125' title='bbox 1547 944 1743 985; x_wconf 83' lang='lat' dir='ltr'><em>amisisse</em></span> <span class='ocrx_word' id='word_1_126' title='bbox 1767 937 1855 986; x_wconf 63' lang='lat' dir='ltr'><em>&#39;nisi</em></span> <span class='ocrx_word' id='word_1_127' title='bbox 1887 945 2095 986; x_wconf 83' lang='lat' dir='ltr'><em>acciderit</em></span> 
     </span>
     <span class='ocr_line' id='line_1_14' title="bbox 216 1013 2088 1066; baseline -0.001 -11"><span class='ocrx_word' id='word_1_128' title='bbox 216 1017 262 1055; x_wconf 82' lang='lat' dir='ltr'><em>in</em></span> <span class='ocrx_word' id='word_1_129' title='bbox 294 1016 406 1056; x_wconf 89' lang='lat' dir='ltr'><em>silua</em></span> <span class='ocrx_word' id='word_1_130' title='bbox 427 1016 499 1055; x_wconf 89' lang='lat' dir='ltr'><em>uel</em></span> <span class='ocrx_word' id='word_1_131' title='bbox 528 1016 573 1055; x_wconf 84' lang='lat' dir='ltr'><em>in</em></span> <span class='ocrx_word' id='word_1_132' title='bbox 596 1016 737 1066; x_wconf 86' lang='lat' dir='ltr'><em>aliquo</em></span> <span class='ocrx_word' id='word_1_133' title='bbox 770 1015 863 1054; x_wconf 90' lang='lat' dir='ltr'><em>loco</em></span> <span class='ocrx_word' id='word_1_134' title='bbox 895 1017 1056 1054; x_wconf 85' lang='lat' dir='ltr'><em>secreto</em></span> <span class='ocrx_word' id='word_1_135' title='bbox 1081 1015 1150 1054; x_wconf 71' lang='lat' dir='ltr'><em>rel</em></span> <span class='ocrx_word' id='word_1_136' title='bbox 1180 1015 1312 1054; x_wconf 88' lang='lat' dir='ltr'><em>alicui</em></span> <span class='ocrx_word' id='word_1_137' title='bbox 1342 1013 1498 1066; x_wconf 73' lang='lat' dir='ltr'><em>hospiti</em></span> <span class='ocrx_word' id='word_1_138' title='bbox 1530 1016 1571 1054; x_wconf 86' lang='lat' dir='ltr'><em>et</em></span> <span class='ocrx_word' id='word_1_139' title='bbox 1597 1017 1817 1066; x_wconf 78' lang='lat' dir='ltr'><em>antequam</em></span> <span class='ocrx_word' id='word_1_140' title='bbox 1848 1014 2088 1054; x_wconf 83' lang='lat' dir='ltr'><em>admittatur</em></span> 
     </span>
     <span class='ocr_line' id='line_1_15' title="bbox 218 1083 2089 1137; baseline -0.001 -13"><span class='ocrx_word' id='word_1_141' title='bbox 218 1083 336 1124; x_wconf 89' lang='lat' dir='ltr'><em>debet</em></span> <span class='ocrx_word' id='word_1_142' title='bbox 363 1084 576 1137; x_wconf 80' lang='lat' dir='ltr'><em>notificari</em></span> <span class='ocrx_word' id='word_1_143' title='bbox 598 1085 727 1122; x_wconf 84' lang='lat' dir='ltr'><em>curie.</em></span> <span class='ocrx_word' id='word_1_144' title='bbox 761 1095 937 1135; x_wconf 86' lang='lat' dir='ltr'><em>quorum</em></span> <span class='ocrx_word' id='word_1_145' title='bbox 970 1085 1143 1122; x_wconf 86' lang='lat' dir='ltr'><em>interest</em></span> <span class='ocrx_word' id='word_1_146' title='bbox 1172 1083 1335 1123; x_wconf 84' lang='lat' dir='ltr'><em>scilicet</em></span> <span class='ocrx_word' id='word_1_147' title='bbox 1364 1083 1509 1123; x_wconf 84' lang='lat' dir='ltr'><em>iudici.</em></span> <span class='ocrx_word' id='word_1_148' title='bbox 1543 1083 1773 1123; x_wconf 85' lang='lat' dir='ltr'><em>castellano</em></span> <span class='ocrx_word' id='word_1_149' title='bbox 1797 1095 1893 1123; x_wconf 88' lang='lat' dir='ltr'><em>cum</em></span> <span class='ocrx_word' id='word_1_150' title='bbox 1925 1084 2089 1124; x_wconf 68' lang='lat' dir='ltr'><em>ceterisL</em></span> 
     </span>
     <span class='ocr_line' id='line_1_16' title="bbox 216 1151 2088 1205; baseline 0 -13"><span class='ocrx_word' id='word_1_151' title='bbox 216 1153 398 1204; x_wconf 78' lang='lat' dir='ltr'><em>Quando</em></span> <span class='ocrx_word' id='word_1_152' title='bbox 430 1154 582 1205; x_wconf 84' lang='lat' dir='ltr'><em>aliquis</em></span> <span class='ocrx_word' id='word_1_153' title='bbox 606 1165 770 1205; x_wconf 79' lang='lat' dir='ltr'><em>pauper</em></span> <span class='ocrx_word' id='word_1_154' title='bbox 802 1153 919 1192; x_wconf 87' lang='lat' dir='ltr'><em>uenit</em></span> <span class='ocrx_word' id='word_1_155' title='bbox 948 1151 999 1191; x_wconf 88' lang='lat' dir='ltr'><em>de</em></span> <span class='ocrx_word' id='word_1_156' title='bbox 1019 1153 1199 1204; x_wconf 82' lang='lat' dir='ltr'><em>propria</em></span> <span class='ocrx_word' id='word_1_157' title='bbox 1233 1164 1280 1191; x_wconf 91' lang='lat' dir='ltr'><em>re</em></span> <span class='ocrx_word' id='word_1_158' title='bbox 1304 1151 1597 1203; x_wconf 83' lang='lat' dir='ltr'><em>conquerendo</em></span> <span class='ocrx_word' id='word_1_159' title='bbox 1625 1152 1806 1204; x_wconf 86' lang='lat' dir='ltr'><em>pallium</em></span> <span class='ocrx_word' id='word_1_160' title='bbox 1831 1151 1912 1192; x_wconf 87' lang='lat' dir='ltr'><em>sibi</em></span> <span class='ocrx_word' id='word_1_161' title='bbox 1942 1152 2088 1192; x_wconf 87' lang='lat' dir='ltr'><em>nulla-</em></span> 
     </span>
     <span class='ocr_line' id='line_1_17' title="bbox 216 1220 2090 1275; baseline -0.001 -13"><span class='ocrx_word' id='word_1_162' title='bbox 216 1225 335 1262; x_wconf 84' lang='lat' dir='ltr'><em>tenus</em></span> <span class='ocrx_word' id='word_1_163' title='bbox 381 1221 627 1275; x_wconf 85' lang='lat' dir='ltr'><em>deponatur.</em></span> <span class='ocrx_word' id='word_1_164' title='bbox 689 1221 846 1261; x_wconf 85' lang='lat' dir='ltr'><em>Nullus</em></span> <span class='ocrx_word' id='word_1_165' title='bbox 893 1220 976 1260; x_wconf 69' lang='lat' dir='ltr'><em>zolc</em></span> <span class='ocrx_word' id='word_1_166' title='bbox 1016 1221 1197 1272; x_wconf 76' lang='lat' dir='ltr'><em>aliquem</em></span> <span class='ocrx_word' id='word_1_167' title='bbox 1237 1223 1410 1261; x_wconf 86' lang='lat' dir='ltr'><em>accuset</em></span> <span class='ocrx_word' id='word_1_168' title='bbox 1446 1221 1533 1260; x_wconf 89' lang='lat' dir='ltr'><em>nisi</em></span> <span class='ocrx_word' id='word_1_169' title='bbox 1578 1224 1690 1260; x_wconf 85' lang='lat' dir='ltr'><em>certo</em></span> <span class='ocrx_word' id='word_1_170' title='bbox 1731 1220 1807 1260; x_wconf 87' lang='lat' dir='ltr'><em>sub</em></span> <span class='ocrx_word' id='word_1_171' title='bbox 1855 1221 2090 1261; x_wconf 82' lang='lat' dir='ltr'><em>testimonio</em></span> 
     </span>
     <span class='ocr_line' id='line_1_18' title="bbox 214 1288 2089 1343; baseline -0.002 -12"><span class='ocrx_word' id='word_1_172' title='bbox 214 1292 450 1331; x_wconf 83' lang='lat' dir='ltr'><em>vicinorum</em></span> <span class='ocrx_word' id='word_1_173' title='bbox 485 1290 536 1330; x_wconf 90' lang='lat' dir='ltr'><em>de</em></span> <span class='ocrx_word' id='word_1_174' title='bbox 568 1290 751 1342; x_wconf 86' lang='lat' dir='ltr'><em>dampno</em></span> <span class='ocrx_word' id='word_1_175' title='bbox 784 1291 1025 1330; x_wconf 83' lang='lat' dir='ltr'><em>constiterit.</em></span> <span class='ocrx_word' id='word_1_176' title='bbox 1064 1293 1104 1329; x_wconf 87' lang='lat' dir='ltr'><em>et</em></span> <span class='ocrx_word' id='word_1_177' title='bbox 1132 1291 1172 1330; x_wconf 87' lang='lat' dir='ltr'><em>si</em></span> <span class='ocrx_word' id='word_1_178' title='bbox 1199 1290 1335 1343; x_wconf 83' lang='lat' dir='ltr'><em>fuerit</em></span> <span class='ocrx_word' id='word_1_179' title='bbox 1362 1288 1445 1329; x_wconf 65' lang='lat' dir='ltr'><em>zois</em></span> <span class='ocrx_word' id='word_1_180' title='bbox 1486 1290 1703 1329; x_wconf 84' lang='lat' dir='ltr'><em>conuictus</em></span> <span class='ocrx_word' id='word_1_181' title='bbox 1736 1291 1967 1329; x_wconf 82' lang='lat' dir='ltr'><em>testimonio</em></span> <span class='ocrx_word' id='word_1_182' title='bbox 1996 1290 2089 1343; x_wconf 82' lang='lat' dir='ltr'><em>fori</em></span> 
     </span>
     <span class='ocr_line' id='line_1_19' title="bbox 217 1357 2089 1412; baseline -0.002 -12"><span class='ocrx_word' id='word_1_183' title='bbox 217 1361 449 1400; x_wconf 86' lang='lat' dir='ltr'><em>communis</em></span> <span class='ocrx_word' id='word_1_184' title='bbox 488 1359 712 1412; x_wconf 81' lang='lat' dir='ltr'><em>lapidetur.</em></span> <span class='ocrx_word' id='word_1_185' title='bbox 774 1359 956 1410; x_wconf 80' lang='lat' dir='ltr'><em>Quando</em></span> <span class='ocrx_word' id='word_1_186' title='bbox 1001 1359 1158 1410; x_wconf 86' lang='lat' dir='ltr'><em>aliquis</em></span> <span class='ocrx_word' id='word_1_187' title='bbox 1196 1358 1400 1398; x_wconf 83' lang='lat' dir='ltr'><em>iudicium</em></span> <span class='ocrx_word' id='word_1_188' title='bbox 1446 1370 1552 1410; x_wconf 88' lang='lat' dir='ltr'><em>aque</em></span> <span class='ocrx_word' id='word_1_189' title='bbox 1590 1357 1712 1397; x_wconf 87' lang='lat' dir='ltr'><em>debet</em></span> <span class='ocrx_word' id='word_1_190' title='bbox 1756 1357 1898 1398; x_wconf 84' lang='lat' dir='ltr'><em>subire</em></span> <span class='ocrx_word' id='word_1_191' title='bbox 1942 1359 2089 1398; x_wconf 85' lang='lat' dir='ltr'><em>nultus</em></span> 
     </span>
     <span class='ocr_line' id='line_1_20' title="bbox 215 1427 2086 1481; baseline -0.001 -13"><span class='ocrx_word' id='word_1_192' title='bbox 215 1441 308 1468; x_wconf 88' lang='lat' dir='ltr'><em>eum</em></span> <span class='ocrx_word' id='word_1_193' title='bbox 340 1430 383 1468; x_wconf 86' lang='lat' dir='ltr'><em>in</em></span> <span class='ocrx_word' id='word_1_194' title='bbox 416 1441 567 1481; x_wconf 86' lang='lat' dir='ltr'><em>aquam</em></span> <span class='ocrx_word' id='word_1_195' title='bbox 593 1428 771 1468; x_wconf 87' lang='lat' dir='ltr'><em>dimittat</em></span> <span class='ocrx_word' id='word_1_196' title='bbox 798 1429 884 1468; x_wconf 87' lang='lat' dir='ltr'><em>nisi</em></span> <span class='ocrx_word' id='word_1_197' title='bbox 916 1428 1121 1468; x_wconf 75' lang='lat' dir='ltr'><em>sacerdos</em></span> <span class='ocrx_word' id='word_1_198' title='bbox 1146 1430 1185 1466; x_wconf 90' lang='lat' dir='ltr'><em>et</em></span> <span class='ocrx_word' id='word_1_199' title='bbox 1206 1428 1297 1466; x_wconf 84' lang='lat' dir='ltr'><em>eius</em></span> <span class='ocrx_word' id='word_1_200' title='bbox 1323 1430 1585 1479; x_wconf 85' lang='lat' dir='ltr'><em>cooperator.</em></span> <span class='ocrx_word' id='word_1_201' title='bbox 1614 1428 1653 1466; x_wconf 89' lang='lat' dir='ltr'><em>si</em></span> <span class='ocrx_word' id='word_1_202' title='bbox 1678 1427 1781 1466; x_wconf 82' lang='lat' dir='ltr'><em>deus</em></span> <span class='ocrx_word' id='word_1_203' title='bbox 1814 1428 1970 1467; x_wconf 85' lang='lat' dir='ltr'><em>iuuerit</em></span> <span class='ocrx_word' id='word_1_204' title='bbox 1993 1439 2086 1467; x_wconf 86' lang='lat' dir='ltr'><em>eum</em></span> 
     </span>
     <span class='ocr_line' id='line_1_21' title="bbox 214 1495 2086 1538; baseline -0.001 -1"><span class='ocrx_word' id='word_1_205' title='bbox 214 1498 348 1538; x_wconf 88' lang='lat' dir='ltr'><em>iudici</em></span> <span class='ocrx_word' id='word_1_206' title='bbox 380 1497 449 1537; x_wconf 89' lang='lat' dir='ltr'><em>det</em></span> <span class='ocrx_word' id='word_1_207' title='bbox 478 1497 584 1537; x_wconf 88' lang='lat' dir='ltr'><em>duos</em></span> <span class='ocrx_word' id='word_1_208' title='bbox 619 1497 822 1537; x_wconf 85' lang='lat' dir='ltr'><em>denarios</em></span> <span class='ocrx_word' id='word_1_209' title='bbox 855 1500 894 1536; x_wconf 90' lang='lat' dir='ltr'><em>et</em></span> <span class='ocrx_word' id='word_1_210' title='bbox 923 1497 1136 1536; x_wconf 84' lang='lat' dir='ltr'><em>sacerdoti</em></span> <span class='ocrx_word' id='word_1_211' title='bbox 1167 1496 1325 1536; x_wconf 85' lang='lat' dir='ltr'><em>XIIII.</em></span> <span class='ocrx_word' id='word_1_212' title='bbox 1388 1495 1443 1537; x_wconf 78' lang='lat' dir='ltr'><em>Si</em></span> <span class='ocrx_word' id='word_1_213' title='bbox 1480 1496 1709 1536; x_wconf 86' lang='lat' dir='ltr'><em>nudauerit</em></span> <span class='ocrx_word' id='word_1_214' title='bbox 1738 1508 1784 1535; x_wconf 89' lang='lat' dir='ltr'><em>se</em></span> <span class='ocrx_word' id='word_1_215' title='bbox 1815 1498 1854 1535; x_wconf 90' lang='lat' dir='ltr'><em>et</em></span> <span class='ocrx_word' id='word_1_216' title='bbox 1882 1495 2086 1535; x_wconf 84' lang='lat' dir='ltr'><em>iudicium</em></span> 
     </span>
     <span class='ocr_line' id='line_1_22' title="bbox 213 1563 2088 1619; baseline -0.001 -13"><span class='ocrx_word' id='word_1_217' title='bbox 213 1567 396 1607; x_wconf 84' lang='lat' dir='ltr'><em>notuerit</em></span> <span class='ocrx_word' id='word_1_218' title='bbox 426 1566 580 1606; x_wconf 86' lang='lat' dir='ltr'><em>subire.</em></span> <span class='ocrx_word' id='word_1_219' title='bbox 621 1567 762 1606; x_wconf 86' lang='lat' dir='ltr'><em>soluat</em></span> <span class='ocrx_word' id='word_1_220' title='bbox 799 1567 1019 1619; x_wconf 84' lang='lat' dir='ltr'><em>capellano</em></span> <span class='ocrx_word' id='word_1_221' title='bbox 1059 1566 1151 1606; x_wconf 80' lang='lat' dir='ltr'><em>VII</em></span> <span class='ocrx_word' id='word_1_222' title='bbox 1178 1565 1377 1605; x_wconf 86' lang='lat' dir='ltr'><em>denarios</em></span> <span class='ocrx_word' id='word_1_223' title='bbox 1411 1567 1451 1605; x_wconf 86' lang='lat' dir='ltr'><em>et</em></span> <span class='ocrx_word' id='word_1_224' title='bbox 1485 1565 1621 1604; x_wconf 66' lang='lat' dir='ltr'><em>vetule</em></span> <span class='ocrx_word' id='word_1_225' title='bbox 1652 1563 1771 1604; x_wconf 90' lang='lat' dir='ltr'><em>duos.</em></span> <span class='ocrx_word' id='word_1_226' title='bbox 1836 1564 1891 1606; x_wconf 76' lang='lat' dir='ltr'><em>Si</em></span> <span class='ocrx_word' id='word_1_227' title='bbox 1929 1565 2088 1616; x_wconf 82' lang='lat' dir='ltr'><em>aliquis</em></span> 
     </span>
     <span class='ocr_line' id='line_1_23' title="bbox 213 1633 2088 1687; baseline -0.002 -12"><span class='ocrx_word' id='word_1_228' title='bbox 213 1635 366 1675; x_wconf 86' lang='lat' dir='ltr'><em>nobilis</em></span> <span class='ocrx_word' id='word_1_229' title='bbox 397 1637 465 1675; x_wconf 78' lang='lat' dir='ltr'><em>vir</em></span> <span class='ocrx_word' id='word_1_230' title='bbox 505 1639 545 1675; x_wconf 87' lang='lat' dir='ltr'><em>et</em></span> <span class='ocrx_word' id='word_1_231' title='bbox 573 1647 659 1675; x_wconf 86' lang='lat' dir='ltr'><em>non</em></span> <span class='ocrx_word' id='word_1_232' title='bbox 700 1635 841 1675; x_wconf 81' lang='lat' dir='ltr'><em>drulw</em></span> <span class='ocrx_word' id='word_1_233' title='bbox 871 1647 999 1687; x_wconf 88' lang='lat' dir='ltr'><em>super</em></span> <span class='ocrx_word' id='word_1_234' title='bbox 1041 1647 1087 1673; x_wconf 88' lang='lat' dir='ltr'><em>se</em></span> <span class='ocrx_word' id='word_1_235' title='bbox 1127 1633 1321 1673; x_wconf 82' lang='lat' dir='ltr'><em>habuerit</em></span> <span class='ocrx_word' id='word_1_236' title='bbox 1357 1633 1510 1673; x_wconf 79' lang='lat' dir='ltr'><em>narolc.</em></span> <span class='ocrx_word' id='word_1_237' title='bbox 1545 1646 1652 1686; x_wconf 85' lang='lat' dir='ltr'><em>puer</em></span> <span class='ocrx_word' id='word_1_238' title='bbox 1689 1645 1770 1685; x_wconf 87' lang='lat' dir='ltr'><em>pro</em></span> <span class='ocrx_word' id='word_1_239' title='bbox 1809 1634 1902 1685; x_wconf 86' lang='lat' dir='ltr'><em>ipso</em></span> <span class='ocrx_word' id='word_1_240' title='bbox 1941 1633 2088 1673; x_wconf 88' lang='lat' dir='ltr'><em>subeat</em></span> 
     </span>
     <span class='ocr_line' id='line_1_24' title="bbox 214 1701 2085 1757; baseline -0.002 -13"><span class='ocrx_word' id='word_1_241' title='bbox 214 1704 431 1745; x_wconf 73' lang='lat' dir='ltr'><em>iudicium,</em></span> <span class='ocrx_word' id='word_1_242' title='bbox 472 1707 511 1743; x_wconf 88' lang='lat' dir='ltr'><em>et</em></span> <span class='ocrx_word' id='word_1_243' title='bbox 547 1705 586 1743; x_wconf 86' lang='lat' dir='ltr'><em>si</em></span> <span class='ocrx_word' id='word_1_244' title='bbox 623 1716 708 1743; x_wconf 85' lang='lat' dir='ltr'><em>non</em></span> <span class='ocrx_word' id='word_1_245' title='bbox 743 1705 878 1757; x_wconf 84' lang='lat' dir='ltr'><em>fuerit</em></span> <span class='ocrx_word' id='word_1_246' title='bbox 914 1703 1083 1743; x_wconf 84' lang='lat' dir='ltr'><em>adiutus</em></span> <span class='ocrx_word' id='word_1_247' title='bbox 1123 1704 1264 1743; x_wconf 85' lang='lat' dir='ltr'><em>soluat</em></span> <span class='ocrx_word' id='word_1_248' title='bbox 1297 1714 1378 1755; x_wconf 91' lang='lat' dir='ltr'><em>pro</em></span> <span class='ocrx_word' id='word_1_249' title='bbox 1422 1714 1469 1742; x_wconf 87' lang='lat' dir='ltr'><em>eo</em></span> <span class='ocrx_word' id='word_1_250' title='bbox 1513 1702 1592 1744; x_wconf 76' lang='lat' dir='ltr'><em>CO</em></span> <span class='ocrx_word' id='word_1_251' title='bbox 1628 1702 1840 1741; x_wconf 84' lang='lat' dir='ltr'><em>denarios.</em></span> <span class='ocrx_word' id='word_1_252' title='bbox 1904 1701 2085 1752; x_wconf 82' lang='lat' dir='ltr'><em>Quando</em></span> 
     </span>
     <span class='ocr_line' id='line_1_25' title="bbox 214 1770 2084 1825; baseline -0.002 -12"><span class='ocrx_word' id='word_1_253' title='bbox 214 1773 381 1813; x_wconf 82' lang='lat' dir='ltr'><em>ducitur</em></span> <span class='ocrx_word' id='word_1_254' title='bbox 414 1772 527 1825; x_wconf 91' lang='lat' dir='ltr'><em>quod</em></span> <span class='ocrx_word' id='word_1_255' title='bbox 557 1773 711 1812; x_wconf 80' lang='lat' dir='ltr'><em>dicitur</em></span> <span class='ocrx_word' id='word_1_256' title='bbox 743 1772 858 1812; x_wconf 80' lang='lat' dir='ltr'><em>zuod</em></span> <span class='ocrx_word' id='word_1_257' title='bbox 889 1772 1006 1812; x_wconf 84' lang='lat' dir='ltr'><em>debet</em></span> <span class='ocrx_word' id='word_1_258' title='bbox 1035 1771 1187 1811; x_wconf 83' lang='lat' dir='ltr'><em>adesse</em></span> <span class='ocrx_word' id='word_1_259' title='bbox 1218 1772 1439 1811; x_wconf 86' lang='lat' dir='ltr'><em>castellani</em></span> <span class='ocrx_word' id='word_1_260' title='bbox 1463 1772 1658 1810; x_wconf 87' lang='lat' dir='ltr'><em>nuncius.</em></span> <span class='ocrx_word' id='word_1_261' title='bbox 1692 1770 1847 1810; x_wconf 86' lang='lat' dir='ltr'><em>iudicis</em></span> <span class='ocrx_word' id='word_1_262' title='bbox 1880 1773 1920 1809; x_wconf 87' lang='lat' dir='ltr'><em>et</em></span> <span class='ocrx_word' id='word_1_263' title='bbox 1947 1771 2084 1810; x_wconf 86' lang='lat' dir='ltr'><em>uillici</em></span> 
     </span>
     <span class='ocr_line' id='line_1_26' title="bbox 215 1838 2082 1882; baseline -0.002 0"><span class='ocrx_word' id='word_1_264' title='bbox 215 1845 253 1881; x_wconf 86' lang='lat' dir='ltr'><em>et</em></span> <span class='ocrx_word' id='word_1_265' title='bbox 283 1843 523 1882; x_wconf 83' lang='lat' dir='ltr'><em>camerarii.</em></span> <span class='ocrx_word' id='word_1_266' title='bbox 563 1844 602 1881; x_wconf 89' lang='lat' dir='ltr'><em>et</em></span> <span class='ocrx_word' id='word_1_267' title='bbox 630 1854 741 1882; x_wconf 86' lang='lat' dir='ltr'><em>unus</em></span> <span class='ocrx_word' id='word_1_268' title='bbox 780 1842 852 1881; x_wconf 86' lang='lat' dir='ltr'><em>uel</em></span> <span class='ocrx_word' id='word_1_269' title='bbox 882 1841 966 1880; x_wconf 85' lang='lat' dir='ltr'><em>duo</em></span> <span class='ocrx_word' id='word_1_270' title='bbox 1008 1841 1059 1880; x_wconf 88' lang='lat' dir='ltr'><em>de</em></span> <span class='ocrx_word' id='word_1_271' title='bbox 1090 1842 1278 1880; x_wconf 86' lang='lat' dir='ltr'><em>uicinatu</em></span> <span class='ocrx_word' id='word_1_272' title='bbox 1318 1840 1392 1879; x_wconf 87' lang='lat' dir='ltr'><em>illo</em></span> <span class='ocrx_word' id='word_1_273' title='bbox 1425 1843 1465 1879; x_wconf 87' lang='lat' dir='ltr'><em>et</em></span> <span class='ocrx_word' id='word_1_274' title='bbox 1500 1840 1613 1879; x_wconf 80' lang='lat' dir='ltr'><em>ultra</em></span> <span class='ocrx_word' id='word_1_275' title='bbox 1656 1842 1740 1879; x_wconf 84' lang='lat' dir='ltr'><em>tres</em></span> <span class='ocrx_word' id='word_1_276' title='bbox 1775 1850 1862 1878; x_wconf 89' lang='lat' dir='ltr'><em>non</em></span> <span class='ocrx_word' id='word_1_277' title='bbox 1903 1838 2082 1878; x_wconf 83' lang='lat' dir='ltr'><em>ducatur</em></span> 
     </span>
     <span class='ocr_line' id='line_1_27' title="bbox 214 1906 2089 1961; baseline -0.002 -11"><span class='ocrx_word' id='word_1_278' title='bbox 214 1911 291 1950; x_wconf 85' lang='lat' dir='ltr'><em>sed</em></span> <span class='ocrx_word' id='word_1_279' title='bbox 321 1912 365 1950; x_wconf 89' lang='lat' dir='ltr'><em>in</em></span> <span class='ocrx_word' id='word_1_280' title='bbox 391 1912 521 1950; x_wconf 89' lang='lat' dir='ltr'><em>tercio</em></span> <span class='ocrx_word' id='word_1_281' title='bbox 553 1913 779 1950; x_wconf 87' lang='lat' dir='ltr'><em>remaneat.</em></span> <span class='ocrx_word' id='word_1_282' title='bbox 813 1911 911 1950; x_wconf 86' lang='lat' dir='ltr'><em>etsi</em></span> <span class='ocrx_word' id='word_1_283' title='bbox 943 1911 1160 1949; x_wconf 85' lang='lat' dir='ltr'><em>conuictus</em></span> <span class='ocrx_word' id='word_1_284' title='bbox 1189 1909 1332 1961; x_wconf 78' lang='lat' dir='ltr'><em>fucrit.</em></span> <span class='ocrx_word' id='word_1_285' title='bbox 1368 1908 1444 1949; x_wconf 76' lang='lat' dir='ltr'><em>CC</em></span> <span class='ocrx_word' id='word_1_286' title='bbox 1474 1909 1517 1947; x_wconf 85' lang='lat' dir='ltr'><em>in</em></span> <span class='ocrx_word' id='word_1_287' title='bbox 1550 1920 1762 1947; x_wconf 83' lang='lat' dir='ltr'><em>cameram</em></span> <span class='ocrx_word' id='word_1_288' title='bbox 1785 1909 1901 1959; x_wconf 74' lang='lat' dir='ltr'><em>reqis</em></span> <span class='ocrx_word' id='word_1_289' title='bbox 1933 1906 2089 1947; x_wconf 83' lang='lat' dir='ltr'><em>reddat</em></span> 
     </span>
     <span class='ocr_line' id='line_1_28' title="bbox 215 1975 2083 2031; baseline -0.002 -12"><span class='ocrx_word' id='word_1_290' title='bbox 215 1979 428 2019; x_wconf 81' lang='lat' dir='ltr'><em>denarios.</em></span> <span class='ocrx_word' id='word_1_291' title='bbox 466 1982 507 2019; x_wconf 86' lang='lat' dir='ltr'><em>et</em></span> <span class='ocrx_word' id='word_1_292' title='bbox 544 1980 610 2019; x_wconf 82' lang='lat' dir='ltr'><em>illi</em></span> <span class='ocrx_word' id='word_1_293' title='bbox 647 1980 718 2031; x_wconf 89' lang='lat' dir='ltr'><em>qui</em></span> <span class='ocrx_word' id='word_1_294' title='bbox 759 1979 914 2018; x_wconf 86' lang='lat' dir='ltr'><em>dicitur</em></span> <span class='ocrx_word' id='word_1_295' title='bbox 953 1978 1109 2031; x_wconf 83' lang='lat' dir='ltr'><em>powod</em></span> <span class='ocrx_word' id='word_1_296' title='bbox 1146 1978 1396 2029; x_wconf 79' lang='lat' dir='ltr'><em>satisfaciat.</em></span> <span class='ocrx_word' id='word_1_297' title='bbox 1460 1975 1609 2028; x_wconf 78' lang='lat' dir='ltr'><em>Siquis</em></span> <span class='ocrx_word' id='word_1_298' title='bbox 1650 1988 1790 2027; x_wconf 89' lang='lat' dir='ltr'><em>equos.</em></span> <span class='ocrx_word' id='word_1_299' title='bbox 1833 1988 1973 2028; x_wconf 76' lang='lat' dir='ltr'><em>equaS.</em></span> <span class='ocrx_word' id='word_1_300' title='bbox 2012 1976 2083 2016; x_wconf 85' lang='lat' dir='ltr'><em>uel</em></span> 
     </span>
     <span class='ocr_line' id='line_1_29' title="bbox 215 2045 2083 2099; baseline -0.002 -12"><span class='ocrx_word' id='word_1_301' title='bbox 215 2047 353 2087; x_wconf 80' lang='lat' dir='ltr'><em>boues.</em></span> <span class='ocrx_word' id='word_1_302' title='bbox 394 2060 565 2087; x_wconf 86' lang='lat' dir='ltr'><em>uaccas.</em></span> <span class='ocrx_word' id='word_1_303' title='bbox 607 2049 678 2087; x_wconf 86' lang='lat' dir='ltr'><em>uel</em></span> <span class='ocrx_word' id='word_1_304' title='bbox 715 2048 857 2099; x_wconf 86' lang='lat' dir='ltr'><em>aliqua</em></span> <span class='ocrx_word' id='word_1_305' title='bbox 898 2048 1063 2086; x_wconf 84' lang='lat' dir='ltr'><em>maiora</em></span> <span class='ocrx_word' id='word_1_306' title='bbox 1105 2045 1368 2085; x_wconf 69' lang='lat' dir='ltr'><em>sabtrmrerz‘t</em></span> <span class='ocrx_word' id='word_1_307' title='bbox 1406 2046 1614 2096; x_wconf 85' lang='lat' dir='ltr'><em>quantitas</em></span> <span class='ocrx_word' id='word_1_308' title='bbox 1661 2045 1834 2098; x_wconf 83' lang='lat' dir='ltr'><em>dampni</em></span> <span class='ocrx_word' id='word_1_309' title='bbox 1871 2046 2083 2084; x_wconf 82' lang='lat' dir='ltr'><em>estimetur</em></span> 
     </span>
     <span class='ocr_line' id='line_1_30' title="bbox 214 2113 2085 2169; baseline -0.002 -13"><span class='ocrx_word' id='word_1_310' title='bbox 214 2115 291 2156; x_wconf 84' lang='lat' dir='ltr'><em>sub</em></span> <span class='ocrx_word' id='word_1_311' title='bbox 331 2120 444 2156; x_wconf 86' lang='lat' dir='ltr'><em>certa</em></span> <span class='ocrx_word' id='word_1_312' title='bbox 481 2117 565 2169; x_wconf 82' lang='lat' dir='ltr'><em>side</em></span> <span class='ocrx_word' id='word_1_313' title='bbox 611 2120 650 2156; x_wconf 88' lang='lat' dir='ltr'><em>et</em></span> <span class='ocrx_word' id='word_1_314' title='bbox 688 2119 955 2156; x_wconf 87' lang='lat' dir='ltr'><em>sacramento</em></span> <span class='ocrx_word' id='word_1_315' title='bbox 1004 2127 1149 2155; x_wconf 85' lang='lat' dir='ltr'><em>corum</em></span> <span class='ocrx_word' id='word_1_316' title='bbox 1194 2114 1342 2167; x_wconf 86' lang='lat' dir='ltr'><em>quibus</em></span> <span class='ocrx_word' id='word_1_317' title='bbox 1384 2113 1608 2154; x_wconf 74' lang='lat' dir='ltr'><em>iuris-dicio</em></span> <span class='ocrx_word' id='word_1_318' title='bbox 1655 2117 1720 2153; x_wconf 87' lang='lat' dir='ltr'><em>est</em></span> <span class='ocrx_word' id='word_1_319' title='bbox 1764 2115 2003 2153; x_wconf 87' lang='lat' dir='ltr'><em>commissa.</em></span> <span class='ocrx_word' id='word_1_320' title='bbox 2045 2117 2085 2152; x_wconf 81' lang='lat' dir='ltr'><em>et</em></span> 
     </span>
     <span class='ocr_line' id='line_1_31' title="bbox 215 2180 2081 2236; baseline -0.002 -12"><span class='ocrx_word' id='word_1_321' title='bbox 215 2185 445 2224; x_wconf 85' lang='lat' dir='ltr'><em>secundum</em></span> <span class='ocrx_word' id='word_1_322' title='bbox 477 2184 556 2224; x_wconf 80' lang='lat' dir='ltr'><em>hoc</em></span> <span class='ocrx_word' id='word_1_323' title='bbox 580 2188 850 2225; x_wconf 85' lang='lat' dir='ltr'><em>accusatores</em></span> <span class='ocrx_word' id='word_1_324' title='bbox 882 2184 1165 2224; x_wconf 86' lang='lat' dir='ltr'><em>admittantur.</em></span> <span class='ocrx_word' id='word_1_325' title='bbox 1210 2184 1315 2223; x_wconf 78' lang='lat' dir='ltr'><em>Item</em></span> <span class='ocrx_word' id='word_1_326' title='bbox 1338 2183 1461 2236; x_wconf 84' lang='lat' dir='ltr'><em>fures</em></span> <span class='ocrx_word' id='word_1_327' title='bbox 1494 2195 1589 2222; x_wconf 83' lang='lat' dir='ltr'><em>cum</em></span> <span class='ocrx_word' id='word_1_328' title='bbox 1621 2184 1750 2222; x_wconf 85' lang='lat' dir='ltr'><em>sociis</em></span> <span class='ocrx_word' id='word_1_329' title='bbox 1783 2184 1823 2222; x_wconf 90' lang='lat' dir='ltr'><em>et</em></span> <span class='ocrx_word' id='word_1_330' title='bbox 1840 2180 2081 2235; x_wconf 81' lang='lat' dir='ltr'><em>fautoribus</em></span> 
     </span>
     <span class='ocr_line' id='line_1_32' title="bbox 216 2250 2080 2306; baseline -0.002 -13"><span class='ocrx_word' id='word_1_331' title='bbox 216 2265 359 2293; x_wconf 89' lang='lat' dir='ltr'><em>eorum</em></span> <span class='ocrx_word' id='word_1_332' title='bbox 388 2254 489 2306; x_wconf 86' lang='lat' dir='ltr'><em>pari</em></span> <span class='ocrx_word' id='word_1_333' title='bbox 516 2266 628 2305; x_wconf 86' lang='lat' dir='ltr'><em>pena</em></span> <span class='ocrx_word' id='word_1_334' title='bbox 657 2255 902 2306; x_wconf 81' lang='lat' dir='ltr'><em>puniantur.</em></span> <span class='ocrx_word' id='word_1_335' title='bbox 966 2253 1071 2293; x_wconf 84' lang='lat' dir='ltr'><em>Illud</em></span> <span class='ocrx_word' id='word_1_336' title='bbox 1112 2253 1243 2293; x_wconf 73' lang='lat' dir='ltr'><em>eciam</em></span> <span class='ocrx_word' id='word_1_337' title='bbox 1278 2251 1386 2304; x_wconf 87' lang='lat' dir='ltr'><em>quod</em></span> <span class='ocrx_word' id='word_1_338' title='bbox 1421 2251 1570 2291; x_wconf 79' lang='lat' dir='ltr'><em>dicitur</em></span> <span class='ocrx_word' id='word_1_339' title='bbox 1602 2251 1741 2291; x_wconf 86' lang='lat' dir='ltr'><em>zlubni</em></span> <span class='ocrx_word' id='word_1_340' title='bbox 1780 2251 1860 2290; x_wconf 75' lang='lat' dir='ltr'><em>zutl</em></span> <span class='ocrx_word' id='word_1_341' title='bbox 1894 2250 2080 2290; x_wconf 76' lang='lat' dir='ltr'><em>habeant</em></span> 
     </span>
     <span class='ocr_line' id='line_1_33' title="bbox 214 2319 2080 2372; baseline -0.002 -10"><span class='ocrx_word' id='word_1_342' title='bbox 214 2324 323 2363; x_wconf 79' lang='lat' dir='ltr'><em>inter</em></span> <span class='ocrx_word' id='word_1_343' title='bbox 355 2333 404 2362; x_wconf 84' lang='lat' dir='ltr'><em>se</em></span> <span class='ocrx_word' id='word_1_344' title='bbox 436 2323 570 2362; x_wconf 81' lang='lat' dir='ltr'><em>libere</em></span> <span class='ocrx_word' id='word_1_345' title='bbox 610 2326 652 2362; x_wconf 81' lang='lat' dir='ltr'><em>et</em></span> <span class='ocrx_word' id='word_1_346' title='bbox 684 2323 876 2362; x_wconf 78' lang='lat' dir='ltr'><em>absolute</em></span> <span class='ocrx_word' id='word_1_347' title='bbox 909 2322 1071 2361; x_wconf 78' lang='lat' dir='ltr'><em>scilicet</em></span> <span class='ocrx_word' id='word_1_348' title='bbox 1112 2322 1164 2361; x_wconf 82' lang='lat' dir='ltr'><em>de</em></span> <span class='ocrx_word' id='word_1_349' title='bbox 1198 2332 1328 2372; x_wconf 82' lang='lat' dir='ltr'><em>capra</em></span> <span class='ocrx_word' id='word_1_350' title='bbox 1361 2324 1403 2359; x_wconf 84' lang='lat' dir='ltr'><em>et</em></span> <span class='ocrx_word' id='word_1_351' title='bbox 1445 2331 1523 2359; x_wconf 82' lang='lat' dir='ltr'><em>oue</em></span> <span class='ocrx_word' id='word_1_352' title='bbox 1557 2323 1599 2360; x_wconf 79' lang='lat' dir='ltr'><em>et</em></span> <span class='ocrx_word' id='word_1_353' title='bbox 1637 2320 1793 2359; x_wconf 78' lang='lat' dir='ltr'><em>ceteris</em></span> <span class='ocrx_word' id='word_1_354' title='bbox 1833 2319 2080 2358; x_wconf 80' lang='lat' dir='ltr'><em>huiusmodi.</em></span> 
     </span>
     <span class='ocr_line' id='line_1_34' title="bbox 214 2387 2081 2443; baseline -0.003 -12"><span class='ocrx_word' id='word_1_355' title='bbox 214 2396 360 2443; x_wconf 78' lang='lat' dir='ltr'><em>preter</em></span> <span class='ocrx_word' id='word_1_356' title='bbox 391 2403 565 2431; x_wconf 82' lang='lat' dir='ltr'><em>vaccam</em></span> <span class='ocrx_word' id='word_1_357' title='bbox 592 2391 738 2431; x_wconf 81' lang='lat' dir='ltr'><em>bouem</em></span> <span class='ocrx_word' id='word_1_358' title='bbox 771 2395 812 2430; x_wconf 82' lang='lat' dir='ltr'><em>ct</em></span> <span class='ocrx_word' id='word_1_359' title='bbox 837 2402 985 2443; x_wconf 82' lang='lat' dir='ltr'><em>equum</em></span> <span class='ocrx_word' id='word_1_360' title='bbox 1020 2394 1250 2442; x_wconf 79' lang='lat' dir='ltr'><em>ceteraque</em></span> <span class='ocrx_word' id='word_1_361' title='bbox 1278 2390 1449 2428; x_wconf 77' lang='lat' dir='ltr'><em>maiora.</em></span> <span class='ocrx_word' id='word_1_362' title='bbox 1496 2387 1551 2430; x_wconf 75' lang='lat' dir='ltr'><em>Si</em></span> <span class='ocrx_word' id='word_1_363' title='bbox 1582 2387 1907 2428; x_wconf 74' lang='lat' dir='ltr'><em>substrahuntur</em></span> <span class='ocrx_word' id='word_1_364' title='bbox 1940 2388 2081 2438; x_wconf 82' lang='lat' dir='ltr'><em>atique</em></span> 
     </span>
     <span class='ocr_line' id='line_1_35' title="bbox 215 2456 2078 2512; baseline -0.002 -14"><span class='ocrx_word' id='word_1_365' title='bbox 215 2473 284 2499; x_wconf 82' lang='lat' dir='ltr'><em>res</em></span> <span class='ocrx_word' id='word_1_366' title='bbox 314 2461 492 2512; x_wconf 85' lang='lat' dir='ltr'><em>pallium</em></span> <span class='ocrx_word' id='word_1_367' title='bbox 534 2463 607 2499; x_wconf 91' lang='lat' dir='ltr'><em>aut</em></span> <span class='ocrx_word' id='word_1_368' title='bbox 635 2459 797 2511; x_wconf 86' lang='lat' dir='ltr'><em>aliquid</em></span> <span class='ocrx_word' id='word_1_369' title='bbox 834 2460 915 2499; x_wconf 89' lang='lat' dir='ltr'><em>tale</em></span> <span class='ocrx_word' id='word_1_370' title='bbox 946 2459 1026 2498; x_wconf 83' lang='lat' dir='ltr'><em>hoc</em></span> <span class='ocrx_word' id='word_1_371' title='bbox 1059 2459 1177 2498; x_wconf 83' lang='lat' dir='ltr'><em>curie</em></span> <span class='ocrx_word' id='word_1_372' title='bbox 1214 2470 1299 2497; x_wconf 91' lang='lat' dir='ltr'><em>non</em></span> <span class='ocrx_word' id='word_1_373' title='bbox 1329 2457 1579 2510; x_wconf 80' lang='lat' dir='ltr'><em>notificetur.</em></span> <span class='ocrx_word' id='word_1_374' title='bbox 1609 2456 1687 2496; x_wconf 81' lang='lat' dir='ltr'><em>sed</em></span> <span class='ocrx_word' id='word_1_375' title='bbox 1725 2458 1764 2496; x_wconf 84' lang='lat' dir='ltr'><em>si</em></span> <span class='ocrx_word' id='word_1_376' title='bbox 1795 2456 1868 2496; x_wconf 86' lang='lat' dir='ltr'><em>bos</em></span> <span class='ocrx_word' id='word_1_377' title='bbox 1907 2456 1979 2495; x_wconf 86' lang='lat' dir='ltr'><em>uel</em></span> <span class='ocrx_word' id='word_1_378' title='bbox 2009 2457 2078 2495; x_wconf 85' lang='lat' dir='ltr'><em>iu-</em></span> 
     </span>
     <span class='ocr_line' id='line_1_36' title="bbox 215 2523 2078 2580; baseline -0.002 -12"><span class='ocrx_word' id='word_1_379' title='bbox 215 2532 393 2568; x_wconf 80' lang='lat' dir='ltr'><em>mentum</em></span> <span class='ocrx_word' id='word_1_380' title='bbox 426 2528 683 2569; x_wconf 77' lang='lat' dir='ltr'><em>subtrahitur</em></span> <span class='ocrx_word' id='word_1_381' title='bbox 708 2529 826 2568; x_wconf 80' lang='lat' dir='ltr'><em>curie</em></span> <span class='ocrx_word' id='word_1_382' title='bbox 856 2528 1101 2580; x_wconf 83' lang='lat' dir='ltr'><em>notificetur.</em></span> <span class='ocrx_word' id='word_1_383' title='bbox 1149 2528 1210 2567; x_wconf 82' lang='lat' dir='ltr'><em>Et</em></span> <span class='ocrx_word' id='word_1_384' title='bbox 1236 2526 1403 2579; x_wconf 88' lang='lat' dir='ltr'><em>quando</em></span> <span class='ocrx_word' id='word_1_385' title='bbox 1436 2526 1590 2577; x_wconf 85' lang='lat' dir='ltr'><em>aliquis</em></span> <span class='ocrx_word' id='word_1_386' title='bbox 1619 2525 1864 2565; x_wconf 70' lang='lat' dir='ltr'><em>vulneratur</em></span> <span class='ocrx_word' id='word_1_387' title='bbox 1897 2523 1949 2564; x_wconf 85' lang='lat' dir='ltr'><em>de</em></span> <span class='ocrx_word' id='word_1_388' title='bbox 1978 2524 2078 2576; x_wconf 75' lang='lat' dir='ltr'><em>foro</em></span> 
     </span>
    </p>
   </div>
  </div>
 </body>
</html>
