2212 2876
1040 114 1144 157 377

172 259 440 310 accusentur,
473 256 527 296 ad
560 256 760 296 dominum
794 255 987 297 abbatem
1020 258 1088 297 uel
1122 258 1375 310 prepositum
1417 261 1488 298 aut
1520 258 1696 299 iudicem
1729 259 1908 310 ipsorum
1940 259 2034 300 mit-

169 328 258 364 tant
290 324 562 380 beneficiarii,
595 329 802 377 quatenus
835 327 915 377 ipsi
947 338 1048 365 suos
1081 327 1269 366 homines
1303 340 1326 366 a
1353 339 1601 380 quocunque
1635 331 1860 367 accusatos
1893 340 2032 368 coram

169 392 321 433 iudicio
362 394 599 446 presentari
645 392 803 433 faciant
841 394 932 434 loco
978 399 1020 435 et
1059 397 1234 435 termino
1275 397 1516 450 assignato,
1560 407 1689 447 super
1738 397 1818 436 sibi
1857 397 2035 437 obiectis

170 472 469 516 responsuros,
502 465 544 502 et
567 462 677 502 nullo
700 462 818 501 modo
835 475 872 511 va
906 465 1148 503 camerariis
1174 465 1242 504 uel
1269 466 1432 504 nunciis
1457 463 1815 504 beneficiariorum
1842 467 2035 505 citentur.

171 529 375 571 Volumus
409 532 544 586 etiam,
569 535 613 570 ut
638 531 826 570 homines
850 532 1035 572 ecclesie
1068 533 1308 584 supradicte
1336 545 1360 572 a
1383 534 1492 572 nullo
1527 532 1841 573 forestariorum
1865 537 2036 574 nostro-

170 610 271 652 rum,
306 601 373 651 qui
412 600 653 654 uulgariter
682 599 875 651 Lowczy
912 601 981 640 uel
1013 601 1170 652 Hayny
1214 602 1418 656 dicuntur,
1460 602 1513 641 ad
1554 602 1862 656 ingrediendas
1906 604 2037 644 siluas

172 673 342 707 nostras
375 668 442 708 uel
484 668 788 719 comparandas
822 680 898 719 per
936 669 1016 708 uim
1049 670 1312 721 aliquatenus
1353 671 1665 724 compellantur,
1698 671 1775 710 sed
1819 671 1952 712 libere
1985 684 2037 713 ac

171 736 348 788 pacifice
382 737 529 791 siluas,
563 748 847 789 quascumque
879 738 1035 792 uolunt,
1076 739 1243 793 intrent,
1278 744 1570 790 comparantes
1604 740 1645 778 in
1678 741 1741 779 eis
1774 742 2036 796 necessaria,

171 809 297 857 prout
336 810 533 860 possunt,
576 807 616 845 in
658 810 845 857 promptu
891 810 1028 846 autem
1068 818 1199 846 causa
1241 811 1320 861 est,
1369 819 1499 860 quare
1538 808 1768 847 huiusmodi
1816 810 2037 850 uiolentias

171 872 259 914 fieri
280 875 562 929 prohibemus,
581 877 674 927 quia
700 875 792 914 sine
808 875 935 929 graui
953 876 1115 914 lesione
1135 888 1361 927 pauperum
1380 877 1459 915 hec
1479 888 1561 916 non
1580 883 1754 928 possunt
1773 878 2037 929 aliquatenus

172 944 388 997 exerceri,
414 944 614 995 precipue
639 954 730 982 cum
758 944 890 982 omnis
912 944 1034 995 culpe
1056 943 1290 984 satisfactio
1314 945 1366 985 ad
1393 945 1558 985 abbatis
1585 949 1626 985 et
1650 944 1820 986 fratrum
1846 950 2039 988 transeat

171 1012 404 1066 utilitatem,
428 1016 471 1051 et
495 1012 593 1052 nibil
617 1012 739 1051 nobis
767 1023 822 1051 ex
845 1012 911 1051 his
936 1013 1178 1064 importetur
1202 1015 1402 1069 utilitatis,
1427 1015 1494 1054 uel
1520 1013 1800 1054 beneficiariis
1825 1021 2041 1071 augeatur

171 1081 325 1133 aliquid
358 1081 631 1135 emolumenti,
666 1081 885 1132 presertim
918 1092 1008 1120 cum
1034 1082 1209 1122 libertas
1236 1083 1299 1122 ius
1325 1095 1440 1123 suum
1474 1095 1640 1134 semper
1665 1084 1856 1124 indemne
1884 1085 2040 1126 debeat

171 1149 375 1189 obtinere.
439 1150 682 1204 Statuimus,
723 1154 767 1189 ut
802 1151 843 1189 in
877 1151 1065 1190 omnibus
1104 1152 1364 1191 ciuitatibus:
1408 1153 1646 1204 Knyenicz,
1685 1151 1907 1205 Switauia,
1941 1155 2040 1206 Ky-

167 1219 293 1271 ⁴qe‘ow9
328 1220 538 1271 Hrcmicz,
571 1218 759 1271 Slrelna,
794 1222 835 1259 et
866 1219 990 1273 uillis,
1024 1220 1101 1259 imo
1135 1221 1321 1260 iunonis
1354 1221 1680 1272 plantationibus
1713 1222 1894 1273 ipsorum
1928 1235 2039 1263 nunc

170 1287 339 1342 habitis,
378 1288 449 1328 uel
487 1289 527 1327 in
570 1286 747 1327 futurum
786 1287 1009 1343 habendis,
1054 1287 1146 1329 sora
1193 1293 1235 1329 et
1274 1301 1417 1329 omnes
1457 1290 1689 1344 libertateS,
1731 1294 1772 1331 et
1812 1303 1863 1331 ea
1904 1293 2040 1332 omnia

172 1357 263 1395 iura
298 1357 420 1407 plene
454 1357 602 1396 baberi
636 1358 813 1411 possint,
853 1368 934 1408 que
967 1358 1009 1396 in
1042 1359 1279 1398 ciuitatibus
1313 1370 1363 1398 ac
1397 1359 1506 1398 uillis
1540 1362 1581 1399 et
1615 1361 1735 1399 nouis
1770 1360 2040 1411 plantationi-

172 1425 265 1480 bus,
299 1425 353 1465 ad
386 1430 529 1466 nostre
563 1426 784 1480 dignitasss
817 1427 977 1466 culmen
1011 1428 1315 1481 spectantibus,
1348 1428 1557 1467 habentur
1590 1432 1631 1468 et
1663 1432 1900 1468 seruantur.
1946 1430 2040 1470 No-

172 1494 318 1548 lumus,
351 1497 395 1534 ut
427 1495 506 1545 ipsi
539 1495 581 1534 in
605 1495 814 1537 theloneis
845 1496 948 1549 suis,
982 1507 1038 1534 ex
1063 1495 1285 1535 deuotione
1318 1499 1633 1536 antecessorum
1668 1500 1900 1537 nostrorum
1934 1509 2039 1538 con-

172 1564 328 1618 cessis,
360 1563 557 1604 uidelicet
589 1565 630 1603 in
655 1563 859 1603 Hradecz
892 1577 1015 1603 secus
1042 1565 1294 1617 Oppam'am,
1327 1566 1397 1605 ubi
1424 1570 1587 1605 sextum
1620 1566 1777 1606 babent
1810 1567 2039 1620 denarium,

171 1632 241 1671 uel
274 1644 349 1683 pro
384 1643 435 1672 eo
468 1636 630 1672 sextam
672 1633 988 1686 hebdomadam,
1022 1638 1063 1673 et
1104 1634 1144 1672 in
1177 1634 1304 1673 Brod
1341 1635 1385 1674 in
1418 1635 1606 1673 terminis
1644 1637 1844 1675 Moraue'e
1876 1641 2038 1677 sextam

173 1702 457 1755 septimanam,
505 1706 547 1742 et
587 1702 640 1741 de
684 1706 816 1753 ponte
856 1702 1116 1742 Bretishmse
1154 1707 1317 1742 sextam
1360 1705 1647 1758 septimanam,
1694 1707 1735 1743 et
1773 1705 1814 1743 in
1856 1707 2038 1756 propriis

176 1770 365 1809 ecclesie
403 1781 483 1810 sue
516 1771 768 1824 ciuitatibuS,
808 1771 865 1810 uti
898 1772 940 1810 in
973 1772 1171 1823 Kyyiow,
1209 1772 1250 1811 in
1282 1772 1627 1824 Bresislauiensi,
1668 1776 1710 1812 et
1743 1773 1783 1812 in
1815 1772 2037 1827 Swilcmia,

171 1839 212 1877 in
253 1838 594 1879 Vssobrumzensz·
632 1840 858 1891 prouinciis
893 1841 1141 1894 constitutis,
1182 1853 1205 1880 a
1240 1842 1499 1895 camerariis,
1529 1842 1598 1880 uel
1638 1840 1936 1897 beneficiariis,
1970 1843 2038 1882 uel

173 1908 398 1960 episcopis,
438 1908 506 1948 uel
539 1909 633 1948 aliis
674 1909 913 1963 baronibus,
955 1909 1023 1948 uel
1066 1920 1323 1961 quocumque
1363 1910 1484 1949 uliam
1524 1911 1712 1950 iniuriam
1753 1911 1821 1950 uel
1860 1912 2038 1964 aliquam

174 1975 477 2016 diminutionem
510 1978 573 2016 sui
607 1978 788 2017 thelonei
814 1979 1047 2031 patiantur3
1079 1978 1154 2028 sed
1189 1978 1323 2018 dictus
1350 1979 1486 2018 abbas
1519 1983 1561 2019 et
1586 1984 1819 2019 conuentus
1853 1992 1904 2020 ac
1936 1992 2038 2020 suc-

174 2055 375 2085 cessores
417 2046 598 2096 ipsorum
640 2047 681 2086 in
714 2047 817 2098 ipsis
858 2047 1067 2086 theloneis
1109 2050 1151 2086 et
1191 2047 1388 2102 pedagiis
1431 2048 1537 2087 omni
1576 2049 1864 2099 impedimento
1904 2052 2038 2090 amoto

174 2117 216 2152 et
247 2113 409 2165 absque
434 2114 518 2153 ulla
545 2114 809 2154 diminutione
835 2127 909 2166 pro
937 2115 1095 2154 iuribus
1118 2115 1403 2156 theloneorum
1431 2117 1553 2168 plene
1579 2117 1827 2168 disponendi
1855 2118 2039 2158 habeant

173 2179 409 2222 facultatem
435 2194 538 2238 eam,
563 2184 641 2234 ipsi
666 2184 937 2223 tantummodo
964 2184 1125 2236 absque
1151 2183 1446 2239 beneficiariis,
1472 2187 1760 2237 inperpetuum
1786 2189 2038 2238 percepturi.

174 2249 267 2299 Que
307 2251 411 2305 iura,
452 2263 542 2291 cum
582 2252 636 2292 de
675 2253 738 2292 eis
778 2265 803 2292 a
843 2253 1085 2305 quibusdam
1131 2253 1412 2294 beneficiariis
1459 2256 1623 2306 questio
1669 2259 1891 2309 ageretur,
1931 2255 2036 2295 idem

174 2319 307 2358 abbas
348 2324 527 2360 uocatus
566 2321 757 2376 Pragam
805 2322 857 2361 ad
899 2325 1080 2361 nostram
1131 2324 1396 2377 presentiam,
1437 2323 1622 2363 aduersa
1662 2328 1780 2375 parte
1821 2329 2036 2379 presente,

174 2388 401 2428 secundum
450 2390 516 2428 ius
555 2393 670 2429 terre
717 2402 857 2429 coram
897 2391 1018 2430 nobis
1067 2391 1240 2430 obtinuit
1281 2392 1445 2442 publice
1495 2391 1575 2431 fide
1615 2392 1747 2446 digno
1788 2394 2035 2433 testimonio.

174 2456 283 2498 Sunt
321 2461 456 2497 autem
496 2458 577 2498 hec
617 2460 709 2499 iura
748 2460 789 2498 in
829 2461 1013 2511 que'ow
1053 2463 1091 2499 el
1128 2459 1336 2501 ‚switamfa
1378 2461 1581 2501 thelonei:
1631 2461 1851 2501 Mercator
1891 2466 2037 2501 noster

174 2526 361 2578 episcopi
400 2528 469 2567 uel
502 2527 674 2568 baronis
714 2528 936 2568 cuiuslibet
975 2533 1016 2569 et
1048 2528 1205 2581 hospes
1245 2529 1433 2580 predicta
1474 2530 1673 2570 thelonea
1713 2531 1942 2585 transiens,
1983 2531 2036 2570 de

1653 2598 1726 2640 48
