2212 2876
1031 105 1136 147 329

143 249 222 291 sed
254 251 356 290 uiuit
386 251 541 291 littera.
575 251 672 303 quia
703 249 874 290 uiuente
906 250 1009 290 uiuit
1041 253 1083 290 et
1116 250 1225 290 actio
1264 249 1494 289 litterarum
1527 249 1762 290 testimonio
1804 261 2016 290 commen-

145 320 256 360 data.
291 320 519 359 Vniuersis
558 321 700 371 itaque
740 320 1010 370 presentibus
1050 330 1102 359 ac
1141 320 1326 370 posteris
1367 320 1512 370 scripti
1551 319 1674 359 huius
1714 319 2016 370 inspectionem

144 393 187 429 et
209 390 369 440 copiam
395 389 617 429 habituris.
641 389 897 440 presentium
921 388 1181 428 exhibitione
1209 388 1399 431 duximus
1433 389 1744 429 declarandum.
1779 388 1889 440 quod
1924 400 2016 428 cum

142 455 253 497 fideli
300 458 518 509 capellano
559 461 703 498 nostro
743 457 916 499 Sdizlao
956 458 1136 509 plebano
1180 457 1365 499 ecclesie
1409 459 1544 497 sancti
1586 458 1703 498 Petri
1746 459 1786 497 in
1826 459 2014 499 Brunna.

143 528 459 578 permutationis
493 530 712 567 contractu
745 526 842 566 hinc
876 526 973 566 inde
1005 526 1290 577 sollempniter
1322 538 1373 566 ac
1406 526 1596 580 legitime
1624 527 1855 566 celebrato.
1888 530 2015 567 totum

145 595 340 648 quicquid
384 596 424 635 in
468 595 566 635 villa
606 595 841 635 Bozonoclt
884 595 1162 646 possedimus.
1205 596 1298 634 siue
1347 596 1498 634 cultum
1538 597 1630 635 siue
1671 596 1880 635 incultum.
1924 608 2016 637 cum

145 665 334 705 omnibus
368 665 643 717 appendiciis.
677 665 800 719 agris
835 666 964 716 pratis
998 666 1168 717 pascuis
1202 665 1333 704 siluis.
1368 668 1409 705 et
1442 665 1535 704 aliis
1562 676 1821 717 quocumque
1850 666 2015 706 nomine

143 738 416 774 censeantur.
465 734 781 788 assignauimus
830 734 1016 773 ecclesie
1063 734 1364 785 prenominate.
1419 745 1471 772 ac
1517 737 1615 773 ante
1672 734 1782 773 dicto
1828 733 2015 775 Sdizlao.

144 803 317 854 suisque
351 803 676 842 successoribus
711 803 779 854 qui
812 814 887 853 pro
926 807 1113 854 tempore
1148 800 1301 842 suerint
1333 803 1451 842 titulo
1483 803 1798 853 permutationis
1838 801 2015 854 prefate.

142 871 200 912 Et
233 872 328 923 quia
364 873 677 922 permutationis
711 873 938 926 negocium
971 873 1033 910 sic
1066 871 1269 922 procedit.
1303 875 1347 910 ut
1387 871 1585 911 uidelicet
1623 883 1730 911 unus
1771 876 2014 922 permutan-

143 940 240 979 tium
289 941 443 980 tribuat
492 952 542 980 eo
591 944 730 992 pacto.
778 944 822 980 ut
868 940 990 980 alter·
1023 951 1048 979 e
1089 941 1301 980 contrario
1349 940 1594 980 tantundem
1632 941 1701 980 uel
1742 941 1930 992 amplius.
1979 942 2017 981 si

144 1009 363 1061 placuerit.
405 1010 476 1049 det
516 1009 568 1048 de
608 1021 698 1049 suo.
776 1009 892 1048 Idem
943 1009 1189 1060 capellanus
1238 1013 1385 1048 noster
1423 1009 1635 1050 Sdizlaus.
1674 1010 1727 1049 de
1777 1010 1935 1061 prediis
1974 1011 2017 1050 in

143 1077 322 1118 Medlan
355 1083 398 1117 et
430 1078 659 1117 Bre-z-owtz
692 1077 744 1117 ad
779 1078 920 1117 scolas
955 1079 1142 1123 ecclesie
1175 1079 1311 1118 sancti
1345 1079 1460 1118 Petri
1496 1079 1820 1130 pertinentibus.
1868 1091 1919 1119 ac
1962 1079 2016 1119 de

111 1147 304 1198 -prediis
345 1148 385 1186 in
433 1147 595 1186 mas-an
633 1150 673 1186 et
717 1148 879 1188 Bzowe
927 1146 981 1186 ad
1023 1148 1207 1187 uicarios
1258 1151 1299 1188 et
1347 1148 1401 1187 ad
1449 1149 1554 1188 alios
1599 1149 1787 1189 homines
1829 1148 2017 1189 ecclesie

143 1217 463 1268 pertinentibus.
497 1228 587 1255 cum
621 1216 809 1256 omnibus
843 1216 1118 1268 appendiciis.
1152 1217 1275 1271 agris
1310 1219 1440 1268 pratis
1474 1219 1646 1268 pascuis
1679 1219 1798 1258 siluis
1840 1223 1882 1259 et
1922 1219 2016 1258 aliis

143 1297 403 1337 quocumque
437 1286 600 1325 nomine
634 1290 905 1326 censeantur.
938 1287 1071 1326 cessit
1104 1286 1238 1326 nobis.
1290 1287 1411 1326 Licet
1444 1290 1579 1327 autem
1613 1289 1858 1338 permutatio
1892 1286 2019 1328 suerit

143 1354 364 1406 inequalis.
393 1355 488 1406 quia
515 1354 607 1405 plus
640 1344 844 1394 debonis
872 1356 1026 1394 nostris
1051 1356 1092 1394 in
1126 1356 1255 1406 ipsam
1279 1356 1405 1395 uenit.
1440 1367 1561 1407 quam
1594 1357 1772 1408 predicti
1806 1357 2016 1408 capellani

144 1424 290 1463 nostri.
338 1427 465 1462 totum
512 1426 649 1462 tamen
699 1424 894 1475 quicquid
943 1425 984 1463 in
1032 1424 1262 1464 Bozonoch
1310 1424 1540 1464 habuimus,
1587 1437 1662 1476 pro
1713 1412 1912 1466 fidelitate
1963 1437 2016 1466 ac

143 1492 325 1532 seruicio
359 1492 502 1543 ipsiuS.
536 1503 616 1531 nec
650 1504 731 1531 non
765 1504 839 1544 pro
874 1492 1061 1544 dampnis
1095 1496 1137 1532 et
1169 1494 1312 1544 spoliis
1346 1495 1469 1533 illatis
1504 1495 1690 1535 ecclesie
1733 1497 1786 1536 ab
1821 1497 2016 1536 exercitu

142 1565 301 1601 nostro.
334 1562 376 1600 in
410 1560 586 1601 eandem
621 1563 963 1613 permutationem
996 1562 1277 1613 perduximus.
1336 1562 1535 1603 Presatus
1570 1575 1735 1616 quoque
1769 1566 2015 1617 capellanus

144 1634 291 1670 noster
339 1630 390 1669 ob
439 1631 675 1682 ampliorem
723 1630 951 1671 firmitatem
999 1633 1311 1683 permutationis
1359 1636 1596 1683 pretaxate.
1647 1645 1724 1673 nos
1763 1635 1804 1673 in
1851 1634 2015 1674 duobus

142 1700 263 1751 equis
310 1699 544 1738 honorauit.
586 1700 686 1739 XX.
726 1712 890 1741 marcas
930 1701 1181 1740 ualentibus.
1259 1702 1316 1743 Ut
1357 1705 1492 1741 autem
1534 1702 1614 1741 hec
1657 1707 1748 1743 rata
1798 1705 2013 1754 perpetuis

142 1768 396 1819 temporibus
430 1769 725 1808 inuiolabiliter
748 1774 1040 1820 perseuerent.
1069 1775 1308 1822 presentem
1333 1772 1534 1825 paginam
1560 1772 1691 1825 sigilli
1718 1774 1850 1812 nostri
1879 1774 2015 1813 muni-

143 1839 252 1878 mine
284 1835 458 1877 fecimus
491 1838 702 1891 insigniri.
735 1839 914 1878 testibus
948 1839 1210 1890 subscriptis.
1245 1852 1416 1892 quorum
1450 1841 1611 1880 nomina
1654 1842 1693 1880 in
1737 1843 2013 1893 sequentibus

143 1907 423 1946 continentur.
502 1907 597 1947 Otto
646 1907 896 1947 burcrauius
939 1908 991 1947 de
1025 1909 1178 1947 Donin.
1218 1909 1434 1948 Arnoldus
1475 1921 1615 1949 comes
1649 1909 1702 1949 de
1742 1911 2014 1966 Huckswag.

143 1976 346 2015 Nicolaus
394 1974 499 2015 filius
548 1976 717 2015 bohute.
772 1978 933 2017 Boruta
981 1975 1085 2017 filius
1125 1979 1296 2018 Borute.
1343 1979 1546 2018 Albertus
1594 1976 1699 2018 filius
1748 1980 2014 2031 Nachepluk.

143 2044 381 2084 Zbrazlaus
421 2045 706 2095 subpincerna
746 2046 931 2086 Boemie.
976 2046 1233 2086 Daleborius
1276 2048 1615 2087 subcamerarius
1655 2050 1787 2088 minor
1825 2049 2013 2090 Boemie.

143 2113 345 2153 Andreas
370 2113 423 2152 de
449 2113 722 2153 XVsechrom.
770 2115 917 2154 Milich
942 2119 983 2155 et
1009 2114 1163 2155 fratres
1184 2117 1247 2155 sui
1270 2116 1511 2156 Zlaiborius
1537 2120 1579 2156 et
1602 2117 1731 2157 Ydik.
1773 2118 2013 2158 Pribizlaus

144 2184 187 2221 et
221 2181 474 2221 Volkmarus
507 2181 559 2221 de
589 2183 836 2223 Malomiric.
870 2183 1101 2224 Scaztolov
1130 2184 1183 2224 de
1211 2182 1431 2226 Ceblowic
1459 2185 1634 2226 Bochko
1671 2187 2014 2228 subcamerarius

142 2249 352 2291 Morauie.
376 2237 560 2290 'Zawise
594 2252 646 2290 de
678 2253 877 2292 Breznik.
911 2253 1084 2292 Bohuse
1117 2253 1169 2293 de
1202 2258 1342 2294 tazoV.
1375 2255 1484 2306 Rym
1517 2255 1569 2295 de
1602 2256 1791 2296 selowiz.
1823 2257 2013 2297 Karolus

145 2322 187 2358 et
228 2317 386 2358 fratres
426 2319 517 2358 eius
559 2321 705 2360 Benco
747 2325 788 2360 et
833 2321 1066 2361 Luthzlaus
1107 2322 1159 2362 de
1199 2323 1378 2363 Richan.
1425 2323 1603 2364 Nahrad
1645 2325 1697 2365 de
1744 2325 2008 2366 Orsichowe.

144 2386 388 2438 Stephanus
423 2392 464 2427 et
495 2386 626 2428 frater
659 2390 749 2429 eius
783 2390 1106 2431 Emmerammus
1141 2391 1193 2431 de
1225 2392 1427 2432 Medlow.
1466 2393 1673 2434 VVecene
1713 2394 1766 2434 de
1806 2395 2010 2434 Pribram.

143 2456 359 2496 Robertus
402 2457 454 2496 de
502 2457 711 2497 Trubzco.
782 2459 982 2499 Andreas
1031 2461 1240 2500 Dirsicrai
1295 2460 1402 2501 filius
1451 2460 1677 2503 Crezizlai.
1726 2463 1778 2503 de
1825 2464 2012 2506 Boemia.

145 2517 370 2567 Conradus
396 2527 538 2567 scriba
566 2528 811 2568 Bernensis.
839 2530 1045 2584 magister
1068 2529 1314 2582 Stephanus
1346 2530 1400 2572 de
1425 2531 1686 2585 OztupowiZ.
1750 2532 1845 2574 Otto
1878 2544 2012 2573 cano-

1632 2601 1700 2641 42
