2212 2876
977 109 1082 153 265

99 255 293 295 libenter.
324 258 369 296 ut
400 256 480 295 uiri
513 256 709 310 religiosi
743 255 904 295 domino
938 254 1186 296 famulantes
1219 255 1384 295 ibidem.
1418 255 1609 294 releuata
1641 255 1823 306 ipsorum
1857 254 1968 295 indi-

97 325 256 378 gencia
306 327 624 364 sustentacione
671 325 890 379 gaudeant
948 325 1149 376 ampliori.
1196 336 1359 377 nosque
1415 324 1683 363 oracionibus
1733 324 1969 364 eorumdem

98 396 270 444 sperate
304 394 613 433 consolacionis
638 392 846 433 beneficia
879 397 1192 445 consequentes
1217 394 1370 444 adepta
1405 394 1652 433 remissione
1685 394 1968 444 peccaminum

97 459 253 513 perfrui
290 463 495 513 possimus
519 463 741 502 consorcio
774 464 1013 502 Beatorum.
1060 462 1120 502 vt
1144 466 1280 502 autem
1305 462 1481 502 donacio
1515 465 1819 514 prememorata
1848 473 1970 513 quam

98 529 327 571 affectuose
360 543 411 570 ac
445 532 596 571 deuote
641 533 680 571 in
714 532 805 583 pios
838 543 940 570 usus
974 534 1015 570 et
1047 532 1181 570 iustas
1215 543 1370 571 causas
1404 531 1595 570 duximus
1629 531 1969 576 connectendam.

98 603 191 639 rata
234 604 275 639 et
317 599 567 640 inuiolabilis
610 612 738 640 cursu
778 604 1004 652 temporum
1046 604 1249 651 perpetuo
1290 603 1554 652 perseueret.
1597 601 1649 640 ob
1690 600 1970 641 resecandum

97 670 233 708 tocius
274 669 562 723 ambiguitatis
602 669 853 720 scrupulum.
898 670 1230 721 obuiandumque
1270 670 1474 709 hominum
1515 670 1676 710 malicie
1719 681 1798 709 seu
1835 671 1967 724 igno-

97 738 244 777 rancie
286 742 526 789 presentem
570 739 768 792 paginam
808 739 940 793 sigilli
980 739 1112 778 nostri
1144 739 1364 779 munimine
1404 737 1577 778 fecimus
1611 739 1823 793 insigniri.
1863 739 1969 779 sub—

97 807 374 858 scripcionem
400 808 565 847 testium
597 808 884 847 nichilominus
913 808 1177 847 adhibentes.
1209 818 1378 858 quorum
1405 808 1567 846 nomina
1592 811 1688 846 sunt
1712 809 1753 847 in
1779 818 1968 860 sequen-

96 875 207 915 tibus
233 876 448 916 subarata.
490 877 748 916 wilhalmus
772 878 1044 916 camerarius.
1064 876 1309 927 Luppoldus
1334 877 1551 927 pincerna.
1574 877 1668 916 Ben
1693 876 1969 931 burgrauius.

96 944 218 984 Hrut.
265 945 424 984 Bohus.
472 945 608 996 Oztoy
641 946 786 997 judex.
835 946 995 997 Lupus.
1047 945 1318 984 Lutoborius.
1373 943 1598 985 Cunradus
1646 945 1698 985 de
1737 945 1969 986 Planeche.

95 1013 323 1053 Henricus.
348 1015 613 1054 Branizlaus.
637 1015 788 1054 urbani
813 1025 1108 1065 znoymenses.
1137 1014 1350 1055 Stiborius
1376 1015 1646 1068 Burgrauius
1672 1014 1724 1054 de
1750 1015 1967 1055 VVeuere.

96 1079 241 1133 Cyrho
276 1081 450 1134 dapifer.
491 1083 668 1123 Wocko
698 1083 1050 1123 subcamerarius.
1083 1083 1260 1122 Beneda
1291 1083 1563 1122 marscalcus.
1595 1082 1828 1124 Szeszema
1863 1084 1969 1124 sub-

95 1151 310 1202 pincerna.
353 1151 518 1191 Boliuta
558 1154 794 1204 prepositus
834 1152 1159 1192 bolezlauensis.
1202 1152 1432 1203 &Vnum-tus
1464 1154 1705 1204 prepositus
1746 1153 1799 1193 de
1831 1158 1968 1194 monte

95 1220 230 1260 sancti
263 1220 420 1271 ypoliti.
445 1221 643 1261 Thomas.
676 1221 992 1273 Marqwardus.
1016 1221 1164 1260 Helias
1190 1221 1457 1261 sacerdotes.
1489 1222 1632 1261 Milos.
1666 1222 1840 1262 Themo.
1875 1223 1969 1262 dia-

95 1289 203 1328 coni.
235 1289 404 1329 Petrus.
443 1290 662 1342 Nycolaus
696 1291 956 1330 subdiaconi.
998 1290 1258 1330 sssilhalmus
1298 1290 1500 1342 phisicus
1541 1291 1710 1331 Werso
1751 1292 1804 1331 de
1836 1292 1967 1332 Hrus.

94 1357 301 1398 Bohubud
353 1358 405 1398 de
446 1359 673 1398 daleboriz.
715 1360 946 1399 llartlebus
995 1360 1047 1399 de
1087 1360 1339 1399 Mizliboriz.
1377 1359 1612 1399 bochchek.
1653 1360 1794 1412 Nykul
1834 1359 1970 1401 frater

96 1427 201 1466 eius.
235 1427 469 1467 VelizlauS.
510 1428 679 1478 Pyrkos
712 1427 817 1468 filius
857 1429 1069 1468 Pribizlai.
1102 1429 1257 1468 Petrus
1297 1427 1401 1468 filius
1436 1429 1683 1480 Hajenonis.
1726 1430 1880 1470 Petrus
1914 1430 1967 1470 de

94 1495 308 1535 Budissin.
373 1497 482 1536 Acta
516 1501 613 1536 sunt
646 1497 725 1536 hec
759 1509 868 1537 anno
903 1498 1105 1537 dominice
1131 1497 1441 1537 incarnacionis
1474 1498 1534 1538 M.
1569 1496 1658 1539 CC.
1692 1499 1836 1539 XXX.
1869 1499 1967 1538 1111.

96 1564 328 1605 Indictione
361 1566 437 1605 VI.
499 1565 651 1606 Datum
686 1567 889 1618 Znoyem.
923 1578 1000 1618 per
1031 1579 1177 1606 manus
1217 1567 1383 1619 Hyla1·ii
1416 1568 1565 1607 notarii
1598 1567 1695 1608 1111.
1729 1568 1821 1608 idus
1853 1569 1975 1609 Julii.

406 1664 460 1697 Ex
484 1666 680 1708 originali
703 1667 736 1698 in
759 1666 896 1698 archivo
921 1665 1071 1708 ejusdem
1095 1668 1302 1709 monasterii3
1328 1668 1412 1710 sign.
1436 1667 1474 1699 F.
1499 1666 1534 1698 4.

914 1842 1154 1887 CCXLIII.

92 1934 308 1989 premysl,
355 1937 548 1978 nzarcbio
588 1940 840 1992 Moraviae,
890 1940 1113 1993 confirmat
1157 1941 1314 1981 civitati
1366 1938 1521 1989 Vni-ow
1560 1941 1769 1982 libertates
1810 1955 1836 1983 a
1874 1944 1966 1983 suis

90 2005 432 2057 progenitoribus
479 2019 718 2060 concessas,
766 2011 806 2048 et
848 2010 996 2049 villam
1043 2009 1230 2063 ejusdem
1276 2009 1461 2052 Sti-elice
1507 2011 1657 2051 intuitu
1700 2011 1965 2052 metallorum

149 2073 451 2126 fodiendorum
489 2088 645 2127 mayna
677 2076 864 2117 libertate
905 2081 945 2117 et
961 2080 1068 2131 jure
1107 2080 1285 2119 milliari
1316 2078 1455 2119 donat.
1519 2080 1594 2120 Dt.
1631 2081 1677 2120 in
1710 2079 1904 2133 olomuc,

561 2145 737 2186 XVIII.
771 2147 996 2187 Kalendas
1028 2146 1303 2201 Septembris,
1342 2147 1495 2197 1234.

223 2235 285 2296 In
324 2256 489 2296 nomine
537 2257 687 2297 domini
728 2260 861 2299 nostri
908 2259 1032 2299 hiesu
1077 2260 1207 2299 cristi.
1256 2270 1389 2299 amen.
1451 2259 1633 2300 Premilz
1681 2261 1961 2301 miseracione

94 2322 236 2363 diuina
266 2324 451 2364 marchio
484 2325 682 2366 Morauie
715 2328 878 2367 ciuibus
911 2329 953 2368 in
984 2328 1179 2368 vuichow
1211 2329 1251 2368 in
1285 2332 1543 2380 perpetuum.
1593 2329 1797 2380 Quoniam
1831 2331 1961 2370 omnis

93 2392 203 2432 actio
244 2393 514 2433 racionabilis
563 2406 614 2434 ac
660 2395 851 2450 legitima
892 2396 1169 2437 discrecionis
1219 2401 1285 2437 est
1332 2398 1615 2439 moderamine
1664 2399 1961 2454 gubernanda.

93 2472 354 2512 summopere
388 2463 571 2513 precium
595 2469 673 2503 est.
701 2469 745 2504 ut
775 2477 827 2505 ea
860 2478 941 2518 que
967 2478 1041 2517 pro
1067 2478 1146 2505 usu
1172 2470 1214 2506 et
1237 2467 1525 2508 commoditate
1549 2469 1777 2508 mortalium
1807 2469 1963 2508 debent

94 2540 194 2570 esse
226 2535 444 2582 perpetua.
477 2543 560 2572 non
591 2536 745 2574 tantum
776 2534 889 2575 labili
913 2535 1116 2576 hominum
1149 2536 1343 2576 memorie
1366 2548 1510 2577 uerum
1542 2538 1664 2577 etiam
1697 2538 1834 2578 uiuaci
1866 2537 1961 2577 lite—

1578 2605 1650 2646 34
