<?xml version="1.0" encoding="UTF-8"?>
<!DOCTYPE html PUBLIC "-//W3C//DTD XHTML 1.0 Transitional//EN"
    "http://www.w3.org/TR/xhtml1/DTD/xhtml1-transitional.dtd">
<html xmlns="http://www.w3.org/1999/xhtml" xml:lang="en" lang="en">
 <head>
  <title>
</title>
<meta http-equiv="Content-Type" content="text/html;charset=utf-8" />
  <meta name='ocr-system' content='tesseract 3.04.00' />
  <meta name='ocr-capabilities' content='ocr_page ocr_carea ocr_par ocr_line ocrx_word'/>
</head>
<body>
  <div class='ocr_page' id='page_1' title='image "./codexdiplomaticu02morauoft_0039.png"; bbox 0 0 2212 2876; ppageno 0'>
   <div class='ocr_carea' id='block_1_1' title="bbox 1041 78 1168 118">
    <p class='ocr_par' dir='ltr' id='par_1_1' title="bbox 1041 78 1168 118">
     <span class='ocr_line' id='line_1_1' title="bbox 1041 78 1168 118; baseline 0.008 -1"><span class='ocrx_word' id='word_1_1' title='bbox 1041 78 1168 118; x_wconf 48' lang='lat'>29.</span> 
     </span>
    </p>
   </div>
   <div class='ocr_carea' id='block_1_2' title="bbox 918 141 1103 148">
    <p class='ocr_par' dir='ltr' id='par_1_2' title="bbox 918 141 1103 148">
     <span class='ocr_line' id='line_1_2' title="bbox 918 141 1103 148; baseline 0 0"><span class='ocrx_word' id='word_1_2' title='bbox 918 141 1103 148; x_wconf 95' lang='lat' dir='ltr'> </span> 
     </span>
    </p>
   </div>
   <div class='ocr_carea' id='block_1_3' title="bbox 135 214 2014 896">
    <p class='ocr_par' dir='ltr' id='par_1_3' title="bbox 135 214 2014 896">
     <span class='ocr_line' id='line_1_3' title="bbox 136 214 2014 263; baseline 0 -1"><span class='ocrx_word' id='word_1_3' title='bbox 136 223 308 262; x_wconf 90' lang='lat' dir='ltr'>Boemie</span> <span class='ocrx_word' id='word_1_4' title='bbox 348 222 465 262; x_wconf 86' lang='lat' dir='ltr'>iuxta</span> <span class='ocrx_word' id='word_1_5' title='bbox 505 221 742 261; x_wconf 87' lang='lat' dir='ltr'>mandatum</span> <span class='ocrx_word' id='word_1_6' title='bbox 790 224 973 261; x_wconf 89' lang='lat' dir='ltr'>nostrum</span> <span class='ocrx_word' id='word_1_7' title='bbox 1021 221 1075 260; x_wconf 91' lang='lat' dir='ltr'>ad</span> <span class='ocrx_word' id='word_1_8' title='bbox 1115 221 1345 262; x_wconf 86' lang='lat' dir='ltr'><strong>subsidium</strong></span> <span class='ocrx_word' id='word_1_9' title='bbox 1390 214 1605 261; x_wconf 84' lang='lat' dir='ltr'>carissimi</span> <span class='ocrx_word' id='word_1_10' title='bbox 1647 222 1690 262; x_wconf 89' lang='lat' dir='ltr'>in</span> <span class='ocrx_word' id='word_1_11' title='bbox 1731 219 1904 263; x_wconf 80' lang='lat' dir='ltr'>Christo</span> <span class='ocrx_word' id='word_1_12' title='bbox 1944 221 2014 263; x_wconf 90' lang='lat' dir='ltr'>filii</span> 
     </span>
     <span class='ocr_line' id='line_1_4' title="bbox 136 290 2013 345; baseline 0.001 -14"><span class='ocrx_word' id='word_1_13' title='bbox 136 292 268 332; x_wconf 88' lang='lat' dir='ltr'>nostri</span> <span class='ocrx_word' id='word_1_14' title='bbox 293 291 467 331; x_wconf 89' lang='lat' dir='ltr'>illustris</span> <span class='ocrx_word' id='word_1_15' title='bbox 500 291 625 345; x_wconf 81' lang='lat' dir='ltr'>regis</span> <span class='ocrx_word' id='word_1_16' title='bbox 653 290 817 331; x_wconf 88' lang='lat' dir='ltr'>Ottonis</span> <span class='ocrx_word' id='word_1_17' title='bbox 850 291 891 329; x_wconf 92' lang='lat' dir='ltr'>in</span> <span class='ocrx_word' id='word_1_18' title='bbox 917 291 1196 330; x_wconf 89' lang='lat' dir='ltr'>Romanorum</span> <span class='ocrx_word' id='word_1_19' title='bbox 1230 291 1523 341; x_wconf 79' lang='lat' dir='ltr'>imperatorem</span> <span class='ocrx_word' id='word_1_20' title='bbox 1558 291 1683 330; x_wconf 90' lang='lat' dir='ltr'>electi</span> <span class='ocrx_word' id='word_1_21' title='bbox 1714 292 1769 331; x_wconf 87' lang='lat' dir='ltr'>sit</span> <span class='ocrx_word' id='word_1_22' title='bbox 1793 293 2013 343; x_wconf 84' lang='lat' dir='ltr'>expositus</span> 
     </span>
     <span class='ocr_line' id='line_1_5' title="bbox 136 359 2013 415; baseline 0.001 -15"><span class='ocrx_word' id='word_1_23' title='bbox 136 365 178 400; x_wconf 88' lang='lat' dir='ltr'>et</span> <span class='ocrx_word' id='word_1_24' title='bbox 211 365 399 413; x_wconf 76' lang='lat' dir='ltr'>paratus7</span> <span class='ocrx_word' id='word_1_25' title='bbox 425 361 509 411; x_wconf 89' lang='lat' dir='ltr'>pati</span> <span class='ocrx_word' id='word_1_26' title='bbox 542 361 729 399; x_wconf 90' lang='lat' dir='ltr'>nolumus</span> <span class='ocrx_word' id='word_1_27' title='bbox 758 371 838 399; x_wconf 88' lang='lat' dir='ltr'>nec</span> <span class='ocrx_word' id='word_1_28' title='bbox 866 359 1082 413; x_wconf 72' lang='lat' dir='ltr'>debemus7</span> <span class='ocrx_word' id='word_1_29' title='bbox 1114 364 1158 399; x_wconf 94' lang='lat' dir='ltr'>ut</span> <span class='ocrx_word' id='word_1_30' title='bbox 1181 360 1236 398; x_wconf 92' lang='lat' dir='ltr'>ab</span> <span class='ocrx_word' id='word_1_31' title='bbox 1271 360 1478 411; x_wconf 82' lang='lat' dir='ltr'>aliquibus</span> <span class='ocrx_word' id='word_1_32' title='bbox 1511 364 1812 415; x_wconf 64' lang='lat' dir='ltr'>pregrauetur7</span> <span class='ocrx_word' id='word_1_33' title='bbox 1835 362 2013 401; x_wconf 83' lang='lat' dir='ltr'>maxime</span> 
     </span>
     <span class='ocr_line' id='line_1_6' title="bbox 137 427 2013 481; baseline 0.001 -12"><span class='ocrx_word' id='word_1_34' title='bbox 137 429 230 470; x_wconf 87' lang='lat' dir='ltr'>dum</span> <span class='ocrx_word' id='word_1_35' title='bbox 263 430 302 468; x_wconf 90' lang='lat' dir='ltr'>in</span> <span class='ocrx_word' id='word_1_36' title='bbox 338 430 428 468; x_wconf 87' lang='lat' dir='ltr'>eius</span> <span class='ocrx_word' id='word_1_37' title='bbox 462 427 587 468; x_wconf 86' lang='lat' dir='ltr'>suerit</span> <span class='ocrx_word' id='word_1_38' title='bbox 611 430 815 481; x_wconf 88' lang='lat' dir='ltr'>obsequio</span> <span class='ocrx_word' id='word_1_39' title='bbox 850 430 1112 468; x_wconf 87' lang='lat' dir='ltr'>constitutus.</span> <span class='ocrx_word' id='word_1_40' title='bbox 1159 429 1216 470; x_wconf 88' lang='lat' dir='ltr'>Ut</span> <span class='ocrx_word' id='word_1_41' title='bbox 1248 432 1385 468; x_wconf 87' lang='lat' dir='ltr'>autem</span> <span class='ocrx_word' id='word_1_42' title='bbox 1418 429 1674 469; x_wconf 80' lang='lat' dir='ltr'>indemnitati</span> <span class='ocrx_word' id='word_1_43' title='bbox 1707 430 1838 481; x_wconf 88' lang='lat' dir='ltr'>ipsius</span> <span class='ocrx_word' id='word_1_44' title='bbox 1864 435 2013 470; x_wconf 89' lang='lat' dir='ltr'>aucto-</span> 
     </span>
     <span class='ocr_line' id='line_1_7' title="bbox 136 499 2013 552; baseline 0 -14"><span class='ocrx_word' id='word_1_45' title='bbox 136 499 261 538; x_wconf 79' lang='lat' dir='ltr'>ritate</span> <span class='ocrx_word' id='word_1_46' title='bbox 294 499 527 549; x_wconf 85' lang='lat' dir='ltr'>apostolica</span> <span class='ocrx_word' id='word_1_47' title='bbox 561 499 821 552; x_wconf 79' lang='lat' dir='ltr'>consulatur7</span> <span class='ocrx_word' id='word_1_48' title='bbox 857 499 1101 537; x_wconf 86' lang='lat' dir='ltr'>discretioni</span> <span class='ocrx_word' id='word_1_49' title='bbox 1145 502 1292 538; x_wconf 82' lang='lat' dir='ltr'>vestre</span> <span class='ocrx_word' id='word_1_50' title='bbox 1326 510 1402 550; x_wconf 88' lang='lat' dir='ltr'>per</span> <span class='ocrx_word' id='word_1_51' title='bbox 1435 499 1667 549; x_wconf 84' lang='lat' dir='ltr'>apostolica</span> <span class='ocrx_word' id='word_1_52' title='bbox 1701 500 1860 550; x_wconf 86' lang='lat' dir='ltr'>scripta</span> <span class='ocrx_word' id='word_1_53' title='bbox 1893 512 2013 538; x_wconf 87' lang='lat' dir='ltr'>man-</span> 
     </span>
     <span class='ocr_line' id='line_1_8' title="bbox 139 565 2012 622; baseline 0 -15"><span class='ocrx_word' id='word_1_54' title='bbox 139 568 285 607; x_wconf 84' lang='lat' dir='ltr'>damus</span> <span class='ocrx_word' id='word_1_55' title='bbox 318 574 445 619; x_wconf 83' lang='lat' dir='ltr'>atque</span> <span class='ocrx_word' id='word_1_56' title='bbox 474 568 741 622; x_wconf 68' lang='lat' dir='ltr'>precipimus,</span> <span class='ocrx_word' id='word_1_57' title='bbox 776 572 983 619; x_wconf 84' lang='lat' dir='ltr'>quatenus</span> <span class='ocrx_word' id='word_1_58' title='bbox 1018 568 1053 606; x_wconf 89' lang='lat' dir='ltr'>si</span> <span class='ocrx_word' id='word_1_59' title='bbox 1081 568 1148 619; x_wconf 85' lang='lat' dir='ltr'>qui</span> <span class='ocrx_word' id='word_1_60' title='bbox 1182 565 1326 606; x_wconf 78' lang='lat' dir='ltr'>forsan</span> <span class='ocrx_word' id='word_1_61' title='bbox 1361 569 1400 606; x_wconf 90' lang='lat' dir='ltr'>in</span> <span class='ocrx_word' id='word_1_62' title='bbox 1434 568 1706 618; x_wconf 87' lang='lat' dir='ltr'>preiudicium</span> <span class='ocrx_word' id='word_1_63' title='bbox 1732 568 1824 607; x_wconf 89' lang='lat' dir='ltr'>eius</span> <span class='ocrx_word' id='word_1_64' title='bbox 1858 568 2012 620; x_wconf 84' lang='lat' dir='ltr'>aliquid</span> 
     </span>
     <span class='ocr_line' id='line_1_9' title="bbox 136 634 2014 691; baseline 0 -15"><span class='ocrx_word' id='word_1_65' title='bbox 136 638 440 687; x_wconf 86' lang='lat' dir='ltr'>presumserint</span> <span class='ocrx_word' id='word_1_66' title='bbox 473 637 718 691; x_wconf 70' lang='lat' dir='ltr'>machinari,</span> <span class='ocrx_word' id='word_1_67' title='bbox 758 634 1046 689; x_wconf 79' lang='lat' dir='ltr'>unusquisque</span> <span class='ocrx_word' id='word_1_68' title='bbox 1079 640 1265 676; x_wconf 84' lang='lat' dir='ltr'>vestrum</span> <span class='ocrx_word' id='word_1_69' title='bbox 1305 637 1588 688; x_wconf 81' lang='lat' dir='ltr'>parochianos</span> <span class='ocrx_word' id='word_1_70' title='bbox 1628 648 1730 676; x_wconf 90' lang='lat' dir='ltr'>suos</span> <span class='ocrx_word' id='word_1_71' title='bbox 1770 637 1904 677; x_wconf 88' lang='lat' dir='ltr'>laicos</span> <span class='ocrx_word' id='word_1_72' title='bbox 1938 648 2014 689; x_wconf 86' lang='lat' dir='ltr'>per</span> 
     </span>
     <span class='ocr_line' id='line_1_10' title="bbox 136 704 2012 762; baseline 0.001 -17"><span class='ocrx_word' id='word_1_73' title='bbox 136 717 360 746; x_wconf 84' lang='lat' dir='ltr'>censuram</span> <span class='ocrx_word' id='word_1_74' title='bbox 407 706 757 761; x_wconf 72' lang='lat' dir='ltr'>ecclesiasticam,</span> <span class='ocrx_word' id='word_1_75' title='bbox 809 707 990 745; x_wconf 76' lang='lat' dir='ltr'>clericos</span> <span class='ocrx_word' id='word_1_76' title='bbox 1039 718 1145 745; x_wconf 85' lang='lat' dir='ltr'>vero</span> <span class='ocrx_word' id='word_1_77' title='bbox 1202 718 1278 756; x_wconf 86' lang='lat' dir='ltr'>per</span> <span class='ocrx_word' id='word_1_78' title='bbox 1324 707 1651 745; x_wconf 78' lang='lat' dir='ltr'>subtractionem</span> <span class='ocrx_word' id='word_1_79' title='bbox 1699 704 2012 762; x_wconf 72' lang='lat' dir='ltr'>beneficiorum,</span> 
     </span>
     <span class='ocr_line' id='line_1_11' title="bbox 136 775 2012 826; baseline 0.001 -12"><span class='ocrx_word' id='word_1_80' title='bbox 136 775 300 815; x_wconf 87' lang='lat' dir='ltr'>sublato</span> <span class='ocrx_word' id='word_1_81' title='bbox 326 776 618 826; x_wconf 81' lang='lat' dir='ltr'>appellationis</span> <span class='ocrx_word' id='word_1_82' title='bbox 652 776 885 823; x_wconf 63' lang='lat' dir='ltr'>obstaculo„</span> <span class='ocrx_word' id='word_1_83' title='bbox 921 775 974 814; x_wconf 89' lang='lat' dir='ltr'>ab</span> <span class='ocrx_word' id='word_1_84' title='bbox 1002 775 1233 814; x_wconf 87' lang='lat' dir='ltr'>huiusmodi</span> <span class='ocrx_word' id='word_1_85' title='bbox 1268 777 1548 826; x_wconf 74' lang='lat' dir='ltr'>presumtione</span> <span class='ocrx_word' id='word_1_86' title='bbox 1583 777 1834 816; x_wconf 89' lang='lat' dir='ltr'>auctoritate</span> <span class='ocrx_word' id='word_1_87' title='bbox 1867 779 2012 816; x_wconf 83' lang='lat' dir='ltr'>nostra</span> 
     </span>
     <span class='ocr_line' id='line_1_12' title="bbox 135 845 1397 896; baseline -0.002 -11"><span class='ocrx_word' id='word_1_88' title='bbox 135 846 427 896; x_wconf 86' lang='lat' dir='ltr'>compescatis.</span> <span class='ocrx_word' id='word_1_89' title='bbox 492 845 643 884; x_wconf 81' lang='lat' dir='ltr'>Datum</span> <span class='ocrx_word' id='word_1_90' title='bbox 678 845 881 884; x_wconf 79' lang='lat' dir='ltr'>Laterani</span> <span class='ocrx_word' id='word_1_91' title='bbox 916 845 990 884; x_wconf 86' lang='lat' dir='ltr'>Xl.</span> <span class='ocrx_word' id='word_1_92' title='bbox 1026 845 1246 884; x_wconf 81' lang='lat' dir='ltr'>Kalendas</span> <span class='ocrx_word' id='word_1_93' title='bbox 1280 845 1397 885; x_wconf 80' lang='lat' dir='ltr'>Maii.</span> 
     </span>
    </p>
   </div>
   <div class='ocr_carea' id='block_1_4' title="bbox 446 962 2013 1047">
    <p class='ocr_par' dir='ltr' id='par_1_4' title="bbox 446 962 2013 1047">
     <span class='ocr_line' id='line_1_13' title="bbox 446 962 2013 1005; baseline 0 -11"><span class='ocrx_word' id='word_1_94' title='bbox 446 962 476 994; x_wconf 91' lang='lat' dir='ltr'>E</span> <span class='ocrx_word' id='word_1_95' title='bbox 507 966 642 1003; x_wconf 68' lang='lat' dir='ltr'>regesto</span> <span class='ocrx_word' id='word_1_96' title='bbox 673 963 903 994; x_wconf 73' lang='lat' dir='ltr'>Innocentii</span> <span class='ocrx_word' id='word_1_97' title='bbox 929 972 1036 1004; x_wconf 78' lang='lat' dir='ltr'>papae</span> <span class='ocrx_word' id='word_1_98' title='bbox 1067 963 1129 994; x_wconf 86' lang='lat'>111.</span> <span class='ocrx_word' id='word_1_99' title='bbox 1153 962 1207 995; x_wconf 87' lang='lat' dir='ltr'>lib.</span> <span class='ocrx_word' id='word_1_100' title='bbox 1233 963 1309 994; x_wconf 76' lang='lat' dir='ltr'>vu.</span> <span class='ocrx_word' id='word_1_101' title='bbox 1337 965 1434 1004; x_wconf 73' lang='lat' dir='ltr'>epist.</span> <span class='ocrx_word' id='word_1_102' title='bbox 1465 963 1527 995; x_wconf 85' lang='lat'>55.</span> <span class='ocrx_word' id='word_1_103' title='bbox 1552 962 1639 1004; x_wconf 83' lang='lat' dir='ltr'>apud</span> <span class='ocrx_word' id='word_1_104' title='bbox 1669 963 1878 1005; x_wconf 74' lang='lat' dir='ltr'>Brcquiny</span> <span class='ocrx_word' id='word_1_105' title='bbox 1909 965 1941 994; x_wconf 86' lang='lat' dir='ltr'>et</span> <span class='ocrx_word' id='word_1_106' title='bbox 1964 962 2013 994; x_wconf 93' lang='lat' dir='ltr'>du</span> 
     </span>
     <span class='ocr_line' id='line_1_14' title="bbox 551 1012 853 1047; baseline -0.003 -1"><span class='ocrx_word' id='word_1_107' title='bbox 551 1015 669 1046; x_wconf 73' lang='lat' dir='ltr'>&#39;l&#39;lieil</span> <span class='ocrx_word' id='word_1_108' title='bbox 695 1015 738 1047; x_wconf 88' lang='lat'>11.</span> <span class='ocrx_word' id='word_1_109' title='bbox 764 1012 853 1046; x_wconf 68' lang='grc'>489.</span> 
     </span>
    </p>
   </div>
   <div class='ocr_carea' id='block_1_5' title="bbox 1000 1184 1144 1223">
    <p class='ocr_par' dir='ltr' id='par_1_5' title="bbox 1000 1184 1144 1223">
     <span class='ocr_line' id='line_1_15' title="bbox 1000 1184 1144 1223; baseline -0.007 0"><span class='ocrx_word' id='word_1_110' title='bbox 1000 1184 1083 1223; x_wconf 83' lang='lat' dir='ltr'>XX</span> <span class='ocrx_word' id='word_1_111' title='bbox 1093 1184 1144 1222; x_wconf 76' lang='lat' dir='ltr'>V.</span> 
     </span>
    </p>
   </div>
   <div class='ocr_carea' id='block_1_6' title="bbox 132 1286 2014 1548">
    <p class='ocr_par' dir='ltr' id='par_1_6' title="bbox 138 1286 2011 1341">
     <span class='ocr_line' id='line_1_16' title="bbox 138 1286 2011 1341; baseline -0.001 -14"><span class='ocrx_word' id='word_1_112' title='bbox 138 1286 353 1341; x_wconf 48' lang='lat' dir='ltr'>premysl„</span> <span class='ocrx_word' id='word_1_113' title='bbox 387 1300 472 1327; x_wconf 63' lang='lat' dir='ltr'>rea·</span> <span class='ocrx_word' id='word_1_114' title='bbox 499 1288 772 1328; x_wconf 70' lang='lat' dir='ltr'>memorum.</span> <span class='ocrx_word' id='word_1_115' title='bbox 800 1288 1022 1340; x_wconf 77' lang='lat' dir='ltr'>confirma!</span> <span class='ocrx_word' id='word_1_116' title='bbox 1043 1291 1082 1326; x_wconf 83' lang='lat' dir='ltr'>e!</span> <span class='ocrx_word' id='word_1_117' title='bbox 1103 1290 1321 1326; x_wconf 78' lang='lat' dir='ltr'>enumera!</span> <span class='ocrx_word' id='word_1_118' title='bbox 1342 1288 1545 1327; x_wconf 66' lang='lat' dir='ltr'>latissime</span> <span class='ocrx_word' id='word_1_119' title='bbox 1577 1299 1721 1326; x_wconf 80' lang='lat' dir='ltr'>omnes</span> <span class='ocrx_word' id='word_1_120' title='bbox 1752 1288 1849 1340; x_wconf 75' lang='lat' dir='ltr'>pia-s·</span> <span class='ocrx_word' id='word_1_121' title='bbox 1878 1299 2011 1340; x_wconf 80' lang='lat' dir='ltr'>prae-</span> 
     </span>
    </p>

    <p class='ocr_par' dir='ltr' id='par_1_7' title="bbox 135 1344 2012 1408">
     <span class='ocr_line' id='line_1_17' title="bbox 135 1344 2012 1408; baseline 0 -12"><span class='ocrx_word' id='word_1_122' title='bbox 135 1357 405 1397; x_wconf 53' lang='lat' dir='ltr'>decess-orma</span> <span class='ocrx_word' id='word_1_123' title='bbox 440 1369 612 1396; x_wconf 71' lang='lat' dir='ltr'>snorum</span> <span class='ocrx_word' id='word_1_124' title='bbox 658 1356 903 1395; x_wconf 71' lang='lat' dir='ltr'>(lomeliones</span> <span class='ocrx_word' id='word_1_125' title='bbox 944 1358 1200 1396; x_wconf 61' lang='lat' dir='ltr'>neonus-terto</span> <span class='ocrx_word' id='word_1_126' title='bbox 1241 1370 1274 1395; x_wconf 77' lang='lat' dir='ltr'>s.</span> <span class='ocrx_word' id='word_1_127' title='bbox 1317 1358 1503 1397; x_wconf 76' lang='lat' dir='ltr'>Joanne&#39;s</span> <span class='ocrx_word' id='word_1_128' title='bbox 1544 1358 1588 1396; x_wconf 79' lang='lat' dir='ltr'>in</span> <span class='ocrx_word' id='word_1_129' title='bbox 1624 1344 1804 1408; x_wconf 70' lang='lat' dir='ltr'>osbvw,</span> <span class='ocrx_word' id='word_1_130' title='bbox 1847 1356 2012 1396; x_wconf 72' lang='lat' dir='ltr'>ordinis</span> 
     </span>
    </p>

    <p class='ocr_par' dir='ltr' id='par_1_8' title="bbox 132 1426 2014 1548">
     <span class='ocr_line' id='line_1_18' title="bbox 132 1426 2014 1481; baseline 0.001 -16"><span class='ocrx_word' id='word_1_131' title='bbox 132 1438 179 1481; x_wconf 36' lang='lat'>8..</span> <span class='ocrx_word' id='word_1_132' title='bbox 215 1426 450 1471; x_wconf 68' lang='lat' dir='ltr'>Benedicti,</span> <span class='ocrx_word' id='word_1_133' title='bbox 500 1427 641 1479; x_wconf 76' lang='lat' dir='ltr'>saclas</span> <span class='ocrx_word' id='word_1_134' title='bbox 690 1426 765 1465; x_wconf 70' lang='lat' dir='ltr'>snb</span> <span class='ocrx_word' id='word_1_135' title='bbox 814 1428 1046 1465; x_wconf 63' lang='lat' dir='ltr'>les-(income</span> <span class='ocrx_word' id='word_1_136' title='bbox 1107 1426 1343 1465; x_wconf 74' lang='lat' dir='ltr'>Wlmltslai.</span> <span class='ocrx_word' id='word_1_137' title='bbox 1391 1426 1653 1465; x_wconf 64' lang='lat' dir='ltr'>marchionis</span> <span class='ocrx_word' id='word_1_138' title='bbox 1694 1427 1933 1477; x_wconf 51' lang='lat' dir='ltr'>§florarium</span> <span class='ocrx_word' id='word_1_139' title='bbox 1974 1429 2014 1466; x_wconf 81' lang='lat' dir='ltr'>el</span> 
     </span>
     <span class='ocr_line' id='line_1_19' title="bbox 203 1493 1944 1548; baseline -0.001 -11"><span class='ocrx_word' id='word_1_140' title='bbox 203 1495 394 1547; x_wconf 66' lang='lat' dir='ltr'>Roberai,</span> <span class='ocrx_word' id='word_1_141' title='bbox 430 1496 726 1536; x_wconf 68' lang='lat' dir='ltr'>Olonna-ensis</span> <span class='ocrx_word' id='word_1_142' title='bbox 760 1497 960 1548; x_wconf 72' lang='lat' dir='ltr'>episc-opi.</span> <span class='ocrx_word' id='word_1_143' title='bbox 1010 1497 1082 1535; x_wconf 88' lang='grc' dir='ltr'><em>Ι)Ι.</em></span> <span class='ocrx_word' id='word_1_144' title='bbox 1116 1496 1295 1545; x_wconf 69' lang='lat' dir='ltr'>Prassae</span> <span class='ocrx_word' id='word_1_145' title='bbox 1327 1495 1451 1535; x_wconf 82' lang='grc' dir='ltr'>ΧΙἸ.</span> <span class='ocrx_word' id='word_1_146' title='bbox 1486 1496 1589 1535; x_wconf 77' lang='lat' dir='ltr'>Kal.</span> <span class='ocrx_word' id='word_1_147' title='bbox 1622 1493 1750 1536; x_wconf 74' lang='lat' dir='ltr'>Febr.</span> <span class='ocrx_word' id='word_1_148' title='bbox 1792 1495 1944 1536; x_wconf 72' lang='lat'>1205.</span> 
     </span>
    </p>
   </div>
   <div class='ocr_carea' id='block_1_7' title="bbox 131 1597 2011 2574">
    <p class='ocr_par' dir='ltr' id='par_1_9' title="bbox 131 1597 2011 2574">
     <span class='ocr_line' id='line_1_20' title="bbox 262 1597 2010 1669; baseline 0 -13"><span class='ocrx_word' id='word_1_149' title='bbox 262 1597 322 1658; x_wconf 83' lang='lat' dir='ltr'>In</span> <span class='ocrx_word' id='word_1_150' title='bbox 357 1618 519 1656; x_wconf 82' lang='lat' dir='ltr'>nomine</span> <span class='ocrx_word' id='word_1_151' title='bbox 553 1621 702 1655; x_wconf 81' lang='lat' dir='ltr'>sancte</span> <span class='ocrx_word' id='word_1_152' title='bbox 736 1622 777 1655; x_wconf 87' lang='lat' dir='ltr'>et</span> <span class='ocrx_word' id='word_1_153' title='bbox 812 1616 1022 1655; x_wconf 70' lang='lat' dir='ltr'>indiuiduo.</span> <span class='ocrx_word' id='word_1_154' title='bbox 1055 1617 1264 1656; x_wconf 85' lang='lat' dir='ltr'>trinitatis.</span> <span class='ocrx_word' id='word_1_155' title='bbox 1298 1617 1447 1655; x_wconf 74' lang='lat' dir='ltr'>Amen.</span> <span class='ocrx_word' id='word_1_156' title='bbox 1512 1615 1660 1656; x_wconf 83' lang='lat' dir='ltr'>Gratia</span> <span class='ocrx_word' id='word_1_157' title='bbox 1693 1617 1809 1656; x_wconf 89' lang='lat' dir='ltr'>salus</span> <span class='ocrx_word' id='word_1_158' title='bbox 1845 1621 1885 1656; x_wconf 86' lang='lat' dir='ltr'>et</span> <span class='ocrx_word' id='word_1_159' title='bbox 1925 1629 2010 1669; x_wconf 88' lang='lat' dir='ltr'>pax</span> 
     </span>
     <span class='ocr_line' id='line_1_21' title="bbox 133 1686 2011 1742; baseline 0.001 -17"><span class='ocrx_word' id='word_1_160' title='bbox 133 1687 186 1726; x_wconf 89' lang='lat' dir='ltr'>sit</span> <span class='ocrx_word' id='word_1_161' title='bbox 219 1687 259 1725; x_wconf 90' lang='lat' dir='ltr'>in</span> <span class='ocrx_word' id='word_1_162' title='bbox 292 1698 439 1725; x_wconf 87' lang='lat' dir='ltr'>manus</span> <span class='ocrx_word' id='word_1_163' title='bbox 474 1686 760 1742; x_wconf 61' lang='lat' dir='ltr'>Premis-lonis</span> <span class='ocrx_word' id='word_1_164' title='bbox 794 1686 966 1724; x_wconf 84' lang='lat' dir='ltr'>illustris</span> <span class='ocrx_word' id='word_1_165' title='bbox 1001 1687 1123 1738; x_wconf 65' lang='lat' dir='ltr'>regis</span> <span class='ocrx_word' id='word_1_166' title='bbox 1168 1686 1453 1725; x_wconf 78' lang='lat' dir='ltr'>Bolwinorunl.</span> <span class='ocrx_word' id='word_1_167' title='bbox 1518 1686 1669 1725; x_wconf 88' lang='lat' dir='ltr'>Notum</span> <span class='ocrx_word' id='word_1_168' title='bbox 1710 1687 1763 1725; x_wconf 86' lang='lat' dir='ltr'>sit</span> <span class='ocrx_word' id='word_1_169' title='bbox 1797 1687 2011 1726; x_wconf 86' lang='lat' dir='ltr'>vniuersis</span> 
     </span>
     <span class='ocr_line' id='line_1_22' title="bbox 133 1753 2009 1808; baseline 0.001 -13"><span class='ocrx_word' id='word_1_170' title='bbox 133 1754 290 1796; x_wconf 87' lang='lat' dir='ltr'>Christi</span> <span class='ocrx_word' id='word_1_171' title='bbox 336 1753 526 1794; x_wconf 81' lang='lat' dir='ltr'>fidelibus</span> <span class='ocrx_word' id='word_1_172' title='bbox 563 1755 831 1805; x_wconf 71' lang='lat' dir='ltr'>presentibus</span> <span class='ocrx_word' id='word_1_173' title='bbox 872 1760 913 1794; x_wconf 83' lang='lat' dir='ltr'>et</span> <span class='ocrx_word' id='word_1_174' title='bbox 954 1754 1114 1795; x_wconf 87' lang='lat' dir='ltr'>suturis.</span> <span class='ocrx_word' id='word_1_175' title='bbox 1149 1768 1226 1794; x_wconf 88' lang='lat' dir='ltr'>nos</span> <span class='ocrx_word' id='word_1_176' title='bbox 1267 1756 1442 1795; x_wconf 84' lang='lat' dir='ltr'>consilio</span> <span class='ocrx_word' id='word_1_177' title='bbox 1478 1756 1545 1808; x_wconf 88' lang='lat' dir='ltr'>pie</span> <span class='ocrx_word' id='word_1_178' title='bbox 1578 1757 1767 1796; x_wconf 83' lang='lat' dir='ltr'>caritatis</span> <span class='ocrx_word' id='word_1_179' title='bbox 1802 1757 2009 1796; x_wconf 85' lang='lat' dir='ltr'>inductos.</span> 
     </span>
     <span class='ocr_line' id='line_1_23' title="bbox 138 1824 2010 1876; baseline 0.001 -12"><span class='ocrx_word' id='word_1_180' title='bbox 138 1828 181 1864; x_wconf 87' lang='lat' dir='ltr'>et</span> <span class='ocrx_word' id='word_1_181' title='bbox 220 1825 441 1876; x_wconf 83' lang='lat' dir='ltr'>presertim</span> <span class='ocrx_word' id='word_1_182' title='bbox 483 1825 629 1863; x_wconf 80' lang='lat' dir='ltr'>intuitu</span> <span class='ocrx_word' id='word_1_183' title='bbox 670 1824 817 1863; x_wconf 87' lang='lat' dir='ltr'>salutis</span> <span class='ocrx_word' id='word_1_184' title='bbox 858 1829 1002 1864; x_wconf 84' lang='lat' dir='ltr'>nostre</span> <span class='ocrx_word' id='word_1_185' title='bbox 1043 1827 1254 1876; x_wconf 85' lang='lat' dir='ltr'>presentis</span> <span class='ocrx_word' id='word_1_186' title='bbox 1297 1829 1339 1865; x_wconf 88' lang='lat' dir='ltr'>et</span> <span class='ocrx_word' id='word_1_187' title='bbox 1372 1829 1552 1865; x_wconf 83' lang='lat' dir='ltr'>venture</span> <span class='ocrx_word' id='word_1_188' title='bbox 1599 1826 1783 1865; x_wconf 85' lang='lat' dir='ltr'>libertati</span> <span class='ocrx_word' id='word_1_189' title='bbox 1824 1826 2010 1866; x_wconf 78' lang='lat' dir='ltr'>ecclesie</span> 
     </span>
     <span class='ocr_line' id='line_1_24' title="bbox 140 1893 2011 1946; baseline 0.001 -13"><span class='ocrx_word' id='word_1_190' title='bbox 140 1893 442 1934; x_wconf 70' lang='lat' dir='ltr'>Osa-owiensis</span> <span class='ocrx_word' id='word_1_191' title='bbox 483 1899 654 1945; x_wconf 85' lang='lat' dir='ltr'>propter</span> <span class='ocrx_word' id='word_1_192' title='bbox 687 1894 972 1933; x_wconf 83' lang='lat' dir='ltr'>aduersitates</span> <span class='ocrx_word' id='word_1_193' title='bbox 1014 1895 1163 1945; x_wconf 87' lang='lat' dir='ltr'>quibus</span> <span class='ocrx_word' id='word_1_194' title='bbox 1197 1893 1536 1946; x_wconf 79' lang='lat' dir='ltr'>frequentissime</span> <span class='ocrx_word' id='word_1_195' title='bbox 1576 1896 1812 1935; x_wconf 87' lang='lat' dir='ltr'>concutitur</span> <span class='ocrx_word' id='word_1_196' title='bbox 1844 1897 2011 1935; x_wconf 86' lang='lat' dir='ltr'>miseri-</span> 
     </span>
     <span class='ocr_line' id='line_1_25' title="bbox 133 1963 2009 2016; baseline 0.002 -15"><span class='ocrx_word' id='word_1_197' title='bbox 133 1963 320 2002; x_wconf 88' lang='lat' dir='ltr'>corditer</span> <span class='ocrx_word' id='word_1_198' title='bbox 353 1963 591 2014; x_wconf 87' lang='lat' dir='ltr'>prouidisse</span> <span class='ocrx_word' id='word_1_199' title='bbox 618 1967 659 2002; x_wconf 89' lang='lat' dir='ltr'>et</span> <span class='ocrx_word' id='word_1_200' title='bbox 693 1974 783 2003; x_wconf 84' lang='lat' dir='ltr'>eam</span> <span class='ocrx_word' id='word_1_201' title='bbox 812 1963 865 2002; x_wconf 86' lang='lat' dir='ltr'>ab</span> <span class='ocrx_word' id='word_1_202' title='bbox 900 1965 1006 2002; x_wconf 88' lang='lat' dir='ltr'>omni</span> <span class='ocrx_word' id='word_1_203' title='bbox 1033 1965 1258 2003; x_wconf 70' lang='lat' dir='ltr'>exactione</span> <span class='ocrx_word' id='word_1_204' title='bbox 1284 1964 1352 2003; x_wconf 85' lang='lat' dir='ltr'>vel</span> <span class='ocrx_word' id='word_1_205' title='bbox 1386 1964 1617 2004; x_wconf 89' lang='lat' dir='ltr'>solucione.</span> <span class='ocrx_word' id='word_1_206' title='bbox 1652 1975 1733 2016; x_wconf 86' lang='lat' dir='ltr'>que</span> <span class='ocrx_word' id='word_1_207' title='bbox 1760 1964 1812 2004; x_wconf 88' lang='lat' dir='ltr'>de</span> <span class='ocrx_word' id='word_1_208' title='bbox 1846 1965 2009 2004; x_wconf 87' lang='lat' dir='ltr'>iudiciis</span> 
     </span>
     <span class='ocr_line' id='line_1_26' title="bbox 132 2033 2010 2085; baseline 0.001 -14"><span class='ocrx_word' id='word_1_209' title='bbox 132 2033 249 2071; x_wconf 91' lang='lat' dir='ltr'>curie</span> <span class='ocrx_word' id='word_1_210' title='bbox 289 2036 449 2071; x_wconf 91' lang='lat' dir='ltr'>nostre.</span> <span class='ocrx_word' id='word_1_211' title='bbox 492 2044 625 2083; x_wconf 85' lang='lat' dir='ltr'>penes</span> <span class='ocrx_word' id='word_1_212' title='bbox 667 2034 851 2072; x_wconf 82' lang='lat' dir='ltr'>instituta</span> <span class='ocrx_word' id='word_1_213' title='bbox 894 2037 1130 2072; x_wconf 81' lang='lat' dir='ltr'>nostrorum</span> <span class='ocrx_word' id='word_1_214' title='bbox 1176 2038 1494 2073; x_wconf 85' lang='lat' dir='ltr'>antecessorum</span> <span class='ocrx_word' id='word_1_215' title='bbox 1535 2033 1780 2085; x_wconf 86' lang='lat' dir='ltr'>procedunt.</span> <span class='ocrx_word' id='word_1_216' title='bbox 1826 2035 2010 2073; x_wconf 82' lang='lat' dir='ltr'>totaliter</span> 
     </span>
     <span class='ocr_line' id='line_1_27' title="bbox 133 2102 2009 2156; baseline 0.002 -16"><span class='ocrx_word' id='word_1_217' title='bbox 133 2103 358 2141; x_wconf 86' lang='lat' dir='ltr'>exemisse.</span> <span class='ocrx_word' id='word_1_218' title='bbox 422 2102 489 2141; x_wconf 87' lang='lat' dir='ltr'>Ne</span> <span class='ocrx_word' id='word_1_219' title='bbox 529 2103 661 2156; x_wconf 79' lang='lat' dir='ltr'>igitur</span> <span class='ocrx_word' id='word_1_220' title='bbox 701 2114 914 2154; x_wconf 84' lang='lat' dir='ltr'>sequaces</span> <span class='ocrx_word' id='word_1_221' title='bbox 949 2103 1019 2142; x_wconf 87' lang='lat' dir='ltr'>vel</span> <span class='ocrx_word' id='word_1_222' title='bbox 1058 2108 1254 2154; x_wconf 89' lang='lat' dir='ltr'>posteros</span> <span class='ocrx_word' id='word_1_223' title='bbox 1288 2107 1456 2142; x_wconf 87' lang='lat' dir='ltr'>nostros</span> <span class='ocrx_word' id='word_1_224' title='bbox 1490 2103 1678 2142; x_wconf 85' lang='lat' dir='ltr'>modulus</span> <span class='ocrx_word' id='word_1_225' title='bbox 1720 2103 1842 2143; x_wconf 81' lang='lat' dir='ltr'>liuius</span> <span class='ocrx_word' id='word_1_226' title='bbox 1876 2104 2009 2144; x_wconf 88' lang='lat' dir='ltr'>liber-</span> 
     </span>
     <span class='ocr_line' id='line_1_28' title="bbox 132 2165 2009 2226; baseline 0.002 -16"><span class='ocrx_word' id='word_1_227' title='bbox 132 2171 231 2210; x_wconf 84' lang='lat' dir='ltr'>tatis</span> <span class='ocrx_word' id='word_1_228' title='bbox 256 2171 390 2210; x_wconf 86' lang='lat' dir='ltr'>latere</span> <span class='ocrx_word' id='word_1_229' title='bbox 421 2172 567 2223; x_wconf 89' lang='lat' dir='ltr'>possit.</span> <span class='ocrx_word' id='word_1_230' title='bbox 595 2172 788 2226; x_wconf 82' lang='lat' dir='ltr'>graciam</span> <span class='ocrx_word' id='word_1_231' title='bbox 814 2176 855 2212; x_wconf 92' lang='lat' dir='ltr'>et</span> <span class='ocrx_word' id='word_1_232' title='bbox 879 2173 1206 2212; x_wconf 86' lang='lat' dir='ltr'>misericordiam</span> <span class='ocrx_word' id='word_1_233' title='bbox 1231 2183 1350 2224; x_wconf 83' lang='lat' dir='ltr'>quam</span> <span class='ocrx_word' id='word_1_234' title='bbox 1376 2170 1541 2223; x_wconf 87' lang='lat' dir='ltr'>prefate</span> <span class='ocrx_word' id='word_1_235' title='bbox 1567 2165 2009 2213; x_wconf 77' lang='lat' dir='ltr'>ecclesie&#39;liberaliter</span> 
     </span>
     <span class='ocr_line' id='line_1_29' title="bbox 132 2241 2008 2293; baseline 0.002 -14"><span class='ocrx_word' id='word_1_236' title='bbox 132 2241 423 2280; x_wconf 88' lang='lat' dir='ltr'>concessimus</span> <span class='ocrx_word' id='word_1_237' title='bbox 457 2241 497 2279; x_wconf 88' lang='lat' dir='ltr'>in</span> <span class='ocrx_word' id='word_1_238' title='bbox 531 2242 689 2293; x_wconf 91' lang='lat' dir='ltr'>scripto</span> <span class='ocrx_word' id='word_1_239' title='bbox 725 2243 915 2292; x_wconf 91' lang='lat' dir='ltr'>presenti</span> <span class='ocrx_word' id='word_1_240' title='bbox 948 2241 1172 2281; x_wconf 81' lang='lat' dir='ltr'>declarare</span> <span class='ocrx_word' id='word_1_241' title='bbox 1206 2243 1435 2281; x_wconf 84' lang='lat' dir='ltr'>statuimus.</span> <span class='ocrx_word' id='word_1_242' title='bbox 1480 2242 1527 2283; x_wconf 84' lang='lat' dir='ltr'>Si</span> <span class='ocrx_word' id='word_1_243' title='bbox 1563 2243 1656 2293; x_wconf 82' lang='lat' dir='ltr'>quis</span> <span class='ocrx_word' id='word_1_244' title='bbox 1690 2242 1742 2281; x_wconf 88' lang='lat' dir='ltr'>de</span> <span class='ocrx_word' id='word_1_245' title='bbox 1775 2242 2008 2282; x_wconf 90' lang='lat' dir='ltr'>hominibus</span> 
     </span>
     <span class='ocr_line' id='line_1_30' title="bbox 133 2307 2008 2364; baseline 0.002 -16"><span class='ocrx_word' id='word_1_246' title='bbox 133 2309 320 2349; x_wconf 88' lang='lat' dir='ltr'>eiusdem</span> <span class='ocrx_word' id='word_1_247' title='bbox 354 2310 541 2349; x_wconf 89' lang='lat' dir='ltr'>ecclesie</span> <span class='ocrx_word' id='word_1_248' title='bbox 567 2311 608 2350; x_wconf 91' lang='lat' dir='ltr'>in</span> <span class='ocrx_word' id='word_1_249' title='bbox 641 2307 750 2350; x_wconf 85' lang='lat' dir='ltr'>furto</span> <span class='ocrx_word' id='word_1_250' title='bbox 785 2311 856 2351; x_wconf 84' lang='lat' dir='ltr'>vel</span> <span class='ocrx_word' id='word_1_251' title='bbox 882 2311 1100 2350; x_wconf 84' lang='lat' dir='ltr'>homicidio</span> <span class='ocrx_word' id='word_1_252' title='bbox 1134 2311 1203 2350; x_wconf 83' lang='lat' dir='ltr'>vel</span> <span class='ocrx_word' id='word_1_253' title='bbox 1237 2312 1370 2351; x_wconf 88' lang='lat' dir='ltr'>narok</span> <span class='ocrx_word' id='word_1_254' title='bbox 1404 2311 1471 2352; x_wconf 82' lang='lat' dir='ltr'>vel</span> <span class='ocrx_word' id='word_1_255' title='bbox 1496 2311 1630 2351; x_wconf 85' lang='lat' dir='ltr'>swod.</span> <span class='ocrx_word' id='word_1_256' title='bbox 1655 2312 1724 2351; x_wconf 85' lang='lat' dir='ltr'>vel</span> <span class='ocrx_word' id='word_1_257' title='bbox 1759 2323 2008 2364; x_wconf 83' lang='lat' dir='ltr'>quocunque</span> 
     </span>
     <span class='ocr_line' id='line_1_31' title="bbox 131 2378 2007 2432; baseline 0.002 -15"><span class='ocrx_word' id='word_1_258' title='bbox 131 2379 212 2418; x_wconf 88' lang='lat' dir='ltr'>alio</span> <span class='ocrx_word' id='word_1_259' title='bbox 238 2379 410 2418; x_wconf 90' lang='lat' dir='ltr'>crimine</span> <span class='ocrx_word' id='word_1_260' title='bbox 437 2379 731 2430; x_wconf 87' lang='lat' dir='ltr'>deprehensus</span> <span class='ocrx_word' id='word_1_261' title='bbox 757 2378 894 2420; x_wconf 90' lang='lat' dir='ltr'>suerit.</span> <span class='ocrx_word' id='word_1_262' title='bbox 919 2381 976 2420; x_wconf 84' lang='lat' dir='ltr'>ita</span> <span class='ocrx_word' id='word_1_263' title='bbox 1001 2381 1109 2432; x_wconf 88' lang='lat' dir='ltr'>quod</span> <span class='ocrx_word' id='word_1_264' title='bbox 1128 2392 1298 2420; x_wconf 88' lang='lat' dir='ltr'>causam</span> <span class='ocrx_word' id='word_1_265' title='bbox 1326 2393 1442 2420; x_wconf 88' lang='lat' dir='ltr'>suam</span> <span class='ocrx_word' id='word_1_266' title='bbox 1469 2392 1682 2421; x_wconf 78' lang='lat' dir='ltr'>excusare</span> <span class='ocrx_word' id='word_1_267' title='bbox 1708 2393 1789 2421; x_wconf 91' lang='lat' dir='ltr'>non</span> <span class='ocrx_word' id='word_1_268' title='bbox 1814 2382 2007 2421; x_wconf 88' lang='lat' dir='ltr'>voluerit.</span> 
     </span>
     <span class='ocr_line' id='line_1_32' title="bbox 132 2438 2008 2502; baseline 0.002 -16"><span class='ocrx_word' id='word_1_269' title='bbox 132 2459 208 2499; x_wconf 86' lang='lat' dir='ltr'>per</span> <span class='ocrx_word' id='word_1_270' title='bbox 250 2438 411 2487; x_wconf 74' lang='lat' dir='ltr'>iudices</span> <span class='ocrx_word' id='word_1_271' title='bbox 454 2448 798 2501; x_wconf 87' lang='lat' dir='ltr'>condempnatus.</span> <span class='ocrx_word' id='word_1_272' title='bbox 839 2449 947 2502; x_wconf 88' lang='lat' dir='ltr'>quod</span> <span class='ocrx_word' id='word_1_273' title='bbox 997 2452 1145 2489; x_wconf 90' lang='lat' dir='ltr'>meruit</span> <span class='ocrx_word' id='word_1_274' title='bbox 1185 2451 1387 2501; x_wconf 89' lang='lat' dir='ltr'>paciatur.</span> <span class='ocrx_word' id='word_1_275' title='bbox 1428 2450 1481 2490; x_wconf 91' lang='lat' dir='ltr'>de</span> <span class='ocrx_word' id='word_1_276' title='bbox 1522 2450 1650 2490; x_wconf 87' lang='lat' dir='ltr'>rebus</span> <span class='ocrx_word' id='word_1_277' title='bbox 1699 2454 1835 2490; x_wconf 85' lang='lat' dir='ltr'>tamen</span> <span class='ocrx_word' id='word_1_278' title='bbox 1876 2451 2008 2502; x_wconf 90' lang='lat' dir='ltr'>ipsius</span> 
     </span>
     <span class='ocr_line' id='line_1_33' title="bbox 133 2516 2006 2574; baseline 0.001 -18"><span class='ocrx_word' id='word_1_279' title='bbox 133 2527 216 2569; x_wconf 89' lang='lat' dir='ltr'>que</span> <span class='ocrx_word' id='word_1_280' title='bbox 240 2516 292 2557; x_wconf 88' lang='lat' dir='ltr'>ad</span> <span class='ocrx_word' id='word_1_281' title='bbox 325 2528 442 2558; x_wconf 89' lang='lat' dir='ltr'>usum</span> <span class='ocrx_word' id='word_1_282' title='bbox 468 2522 666 2557; x_wconf 86' lang='lat' dir='ltr'>nostrum.</span> <span class='ocrx_word' id='word_1_283' title='bbox 695 2523 738 2558; x_wconf 88' lang='lat' dir='ltr'>et</span> <span class='ocrx_word' id='word_1_284' title='bbox 771 2530 913 2559; x_wconf 83' lang='lat' dir='ltr'>eorum</span> <span class='ocrx_word' id='word_1_285' title='bbox 937 2529 1044 2571; x_wconf 85' lang='lat' dir='ltr'>quos</span> <span class='ocrx_word' id='word_1_286' title='bbox 1071 2519 1258 2559; x_wconf 86' lang='lat' dir='ltr'>eiusdem</span> <span class='ocrx_word' id='word_1_287' title='bbox 1282 2520 1421 2559; x_wconf 89' lang='lat' dir='ltr'>iudicii</span> <span class='ocrx_word' id='word_1_288' title='bbox 1449 2520 1587 2572; x_wconf 85' lang='lat' dir='ltr'>aliqua</span> <span class='ocrx_word' id='word_1_289' title='bbox 1610 2520 1754 2571; x_wconf 87' lang='lat' dir='ltr'>porcio</span> <span class='ocrx_word' id='word_1_290' title='bbox 1784 2521 2006 2574; x_wconf 85' lang='lat' dir='ltr'>contingit.</span> 
     </span>
    </p>
   </div>
  </div>
 </body>
</html>
