2212 2876
1114 90 1146 132 8

199 239 348 279 videre
366 248 598 289 possumus,
617 236 734 275 cuius
753 245 975 286 personam
993 233 1299 284 inculpabiliter
1317 234 1466 286 gerat:
1493 232 1609 285 gerit
1626 232 1732 271 enim
1751 231 1819 270 vel
1837 242 2060 282 personam

200 308 412 360 electoris,
447 306 514 344 vel
548 316 768 356 personam
802 303 1052 357 cognitoris.
1099 302 1147 343 Si
1181 302 1394 354 electoris,
1428 300 1629 351 quomodo
1664 301 1871 351 quaesiuit
1904 310 2059 351 oppor-

199 377 426 429 tunitatem,
451 375 627 426 qualiter
649 373 818 412 arbitris
846 371 1092 411 absentibus
1116 371 1332 410 mendacio
1354 370 1586 422 veritatem,
1607 372 1649 407 et
1671 370 1842 408 crimine
1868 371 2061 409 virtutem

198 443 406 488 mutaret?
441 443 641 494 quomodo
685 443 791 480 enim
825 452 876 480 ea
918 452 1016 491 pars
1056 440 1299 492 principum,
1340 449 1459 489 quam
1493 435 1688 476 numerus
1721 438 1899 491 ampliat,
1940 449 2061 489 quam

200 514 387 567 dignitas
412 511 543 565 effert,
564 512 715 550 iniuste
737 511 897 549 nimium
925 513 989 548 est
1016 507 1281 559 contempta?
1315 508 1370 547 Et
1394 508 1430 546 si
1460 508 1720 560 cognitoris3
1744 506 1854 546 hanc
1880 510 2062 561 gestare

200 593 282 620 non
315 581 462 632 potuit:
497 581 774 619 Romanorum
810 579 916 617 enim
950 578 1073 630 regis
1116 577 1265 616 electio
1307 577 1343 614 si
1376 576 1417 614 in
1449 587 1498 614 se
1539 576 1678 614 scissa
1711 574 1848 629 fuerit,
1881 587 1964 614 non
1997 579 2063 615 est

200 651 394 700 superior
427 649 566 701 iudex,
601 649 719 687 cuius
760 648 852 698 ipsa
891 646 1099 686 sententia
1139 645 1411 699 integranda,
1444 644 1521 684 sed
1563 635 1808 698 eligentium
1847 644 2062 684 voluntate

199 723 432 770 spontanea
465 717 722 769 contuenda,
755 716 955 756 mediator
988 717 1095 754 enim
1127 715 1225 767 Dei,
1258 718 1300 754 et
1331 714 1534 753 hominum
1566 713 1685 753 homo
1710 712 1906 754 Christus
1938 714 2062 753 Iesus

199 788 362 827 actibus
385 787 578 838 propi-ijs,
603 790 644 825 et
675 786 953 839 dignitatibus
976 785 1180 823 distinctis
1203 782 1337 822 officia
1360 783 1578 834 potestatis
1602 783 1821 834 vti-iusque
1848 782 2063 836 discreuit,

201 861 245 897 vt
278 861 319 895 et
344 857 439 895 Deo
473 856 649 895 militans
674 856 834 894 minime
862 866 909 893 se
935 852 1121 907 negotijs
1147 853 1378 903 implicaret
1402 852 1666 891 secularibus
1693 863 1742 890 ac
1770 852 1954 890 vicissim
1979 862 2062 890 non

199 926 267 964 ille
301 926 428 964 rebus
458 925 607 963 diuinis
641 924 888 975 praesidere
921 923 1152 976 videretur,
1176 923 1244 973 qui
1278 925 1395 961 esset
1421 921 1607 975 negotijs
1641 920 1905 959 secularibus
1929 920 2062 971 impli-

198 999 333 1034 catus.
365 993 454 1035 Sed
478 994 514 1032 si
542 1005 621 1033 vos
647 993 823 1032 iudicem
851 990 1140 1044 confiteamini,
1166 989 1318 1030 sactum
1344 990 1424 1029 hoc
1449 990 1767 1029 excusationem
1791 989 1953 1028 hahere
1979 1001 2062 1028 non

199 1067 358 1114 potest:
391 1067 577 1102 vestrum
610 1063 716 1102 enim
750 1063 791 1100 in
823 1073 902 1100 vos
929 1072 1147 1112 possumus
1181 1071 1391 1100 exercere
1417 1059 1616 1113 gladium,
1651 1059 1747 1110 quia
1770 1058 1947 1097 absente
1981 1058 2063 1098 alia

199 1137 333 1186 parte,
359 1133 569 1171 sententia
594 1143 619 1170 a
644 1131 780 1170 iudice
804 1130 913 1169 dicta
939 1130 1087 1169 nullam
1112 1129 1269 1168 habeat
1292 1127 1532 1168 firmitatem.
1583 1127 1688 1176 Quid
1721 1139 1831 1182 ergo
1859 1127 2063 1178 praedicti

199 1200 467 1240 Praenestini
508 1201 755 1238 sententiam
798 1201 838 1238 in
878 1198 1079 1238 Othonem
1126 1196 1291 1237 firmare
1332 1198 1476 1250 potuit,
1520 1208 1610 1236 cum
1650 1196 1749 1236 nihil
1789 1200 1887 1236 ante
1927 1198 1968 1236 in
2011 1208 2062 1236 eo

199 1267 348 1308 sactum
381 1267 465 1308 sit?
500 1281 591 1308 nam
625 1268 720 1320 quid
754 1269 847 1322 erit,
880 1272 951 1306 aut
991 1279 1096 1319 quas
1128 1269 1245 1307 vires
1284 1267 1443 1306 hahere
1477 1266 1640 1320 poterit,
1684 1266 1791 1317 quod
1826 1266 1879 1305 ab
1914 1266 1963 1317 ijs
1996 1267 2063 1320 sit,

200 1349 304 1390 quos
344 1339 507 1377 tenuior
549 1338 777 1388 compescit
823 1348 1033 1390 numerus,
1074 1347 1178 1388 quos
1227 1337 1358 1376 minor
1396 1335 1615 1374 comitatur
1661 1335 1906 1388 auctoritas,
1953 1334 2063 1387 quod

198 1408 330 1457 partis
363 1407 535 1446 alterius
575 1407 712 1446 reddit
750 1407 943 1445 absentia
975 1404 1200 1444 vltiosum?
1241 1403 1402 1445 Contra
1435 1415 1526 1444 eum
1559 1415 1683 1458 ergo,
1725 1405 1795 1456 qui
1826 1405 1924 1443 talia
1957 1415 2063 1455 ope-

199 1480 315 1515 ratus
349 1479 414 1515 est
445 1476 578 1515 minus
612 1476 820 1528 decentia,
854 1478 1001 1514 vester
1033 1486 1082 1514 se
1115 1475 1238 1528 rigor
1271 1478 1490 1528 exerceat,
1524 1474 1577 1513 sit
1609 1475 1650 1513 in
1684 1485 1775 1512 eum
1807 1476 1961 1513 tantum
1995 1473 2064 1524 pie

199 1546 401 1584 saeviens
442 1544 675 1596 disciplina.
738 1544 876 1583 Vobis
917 1545 1024 1583 enim
1066 1548 1186 1594 pater
1228 1544 1493 1582 sanctissime
1536 1543 1752 1581 insinuare
1785 1542 2064 1596 deci-enimus,

202 1615 296 1665 quia
336 1614 554 1653 electionis
588 1618 759 1653 nostrae
798 1616 898 1652 vota
930 1613 973 1652 in
1011 1613 1323 1652 serenissimum
1365 1612 1568 1651 dominum
1608 1615 1793 1651 nostrum
1833 1611 2064 1662 Philippum

200 1682 479 1722 Romanorum
519 1694 685 1737 regem,
728 1686 769 1722 et
808 1693 974 1733 semper
1013 1682 1254 1735 Augustum
1295 1693 1379 1721 vna
1419 1692 1542 1734 voce,
1582 1693 1665 1720 vno
1707 1692 1919 1719 consensu
1958 1690 2064 1718 con-

200 1752 386 1790 tulimus:
420 1751 499 1791 hoc
524 1752 795 1804 spondentes,
814 1752 893 1790 hoc
919 1749 1085 1790 firmiter
1103 1751 1402 1803 promittentes,
1421 1749 1527 1803 quod
1556 1761 1577 1788 a
1609 1754 1767 1796 vestra,
1790 1753 1831 1788 et
1849 1750 2064 1788 Romanae

202 1820 316 1859 sedis
357 1820 597 1859 obedientia
637 1832 720 1859 non
759 1820 947 1871 recedet,
988 1823 1030 1858 et
1072 1830 1164 1858 eum
1203 1819 1314 1866 Deo,
1355 1824 1397 1858 et
1434 1819 1558 1858 vobis
1598 1830 1675 1857 sua
1716 1819 1882 1857 deuotio
1915 1816 2066 1857 reddet

203 1892 432 1943 acceptum,
466 1894 508 1929 et
546 1887 680 1929 filialis
723 1900 814 1929 eum
847 1890 966 1928 timor
1005 1888 1171 1942 imbuet,
1205 1892 1247 1928 et
1286 1886 1524 1928 defensoris
1558 1899 1649 1927 eum
1689 1888 1917 1927 strenuitas
1951 1897 2065 1926 com-

203 1958 422 1998 mendabit.
487 1958 613 1998 Vnde
647 1959 835 2011 petimus,
869 1962 914 1998 vt
952 1958 1151 1997 veniente
1184 1960 1383 2015 tempore,
1425 1961 1467 1997 et
1498 1957 1604 2010 loco,
1638 1957 1746 1997 sicut
1778 1957 1908 1996 nostri
1945 1955 2065 2008 oflicij

204 2031 283 2080 est,
319 2028 524 2066 vnctionis
558 2028 636 2077 ipsi
672 2026 915 2069 beneficium
948 2038 1030 2066 non
1063 2027 1249 2081 negetis.

513 2181 707 2222 Raynald.
730 2182 850 2218 Annal.
875 2182 1074 2214 Ecclesiast.
1099 2182 1136 2213 T.
1161 2181 1247 2214 xiil
1271 2191 1302 2223 p.
1328 2179 1390 2214 70.
