2212 2876
1075 87 1183 129 268

188 235 373 276 ecclesie
413 234 454 273 in
496 231 702 273 Ozlawan
752 229 1041 270 cisterciensis
1081 229 1240 276 ordinis
1281 229 1563 282 „supplicando
1605 231 1726 274 nobis
1766 231 1973 273 humiliter
2014 235 2057 273 et

187 304 341 344 deuote
381 303 573 356 quatinus
616 300 750 339 eidem
789 299 1042 340 monasterio
1083 299 1317 350 spiritualia
1364 310 1454 338 cum
1496 300 1734 355 omnisiv-re
1777 301 1828 341 de
1868 301 2058 353 predicta

188 373 374 413 ecclesia
411 370 742 411 concederemus
789 368 897 420 quod
941 368 993 407 ad
1034 358 1282 419 peticionem
1329 368 1501 408 illustris
1541 370 1756 422 principis.
1793 370 2056 411 Mat-chionis

186 436 385 483 Moravie
419 444 460 480 et
491 451 565 491 pro
592 433 824 478 deuocione
859 440 901 476 et
933 437 1201 476 oracionibus
1236 425 1498 476 dominarum
1522 437 1575 478 de
1600 437 1704 478 Ozla
1737 438 1918 478 libenter
1949 437 2056 479 feci-

186 523 297 559 mus„
321 510 401 550 hoc
427 511 663 553 statuentes
697 510 740 546 et
772 503 1064 546 confirmantes
1090 505 1199 557 quod
1227 505 1280 545 de
1305 506 1492 545 omnibus
1519 507 1791 558 prouentibus
1826 511 1868 547 et
1894 519 2056 559 appen-

187 580 307 620 diciis
341 566 539 630 ecclesie¹
566 578 792 616 memorate
825 573 1001 626 prefatis
1035 574 1250 614 abbatisse
1284 578 1326 614 et
1359 577 1581 615 conuentui
1622 576 1943 627 respondeatur.
1975 576 2056 616 hoc

186 651 368 699 excepto
411 646 518 699 quod
559 644 740 696 plebano
782 645 851 696 qui
891 655 968 695 per
1007 643 1236 694 predictam
1276 638 1533 684 abbatissam
1576 648 1619 701 et
1650 648 1901 685 conventum
1933 643 2058 686 fuerit

185 718 396 757 institutus
436 716 479 755 in
520 714 669 754 eadem
709 713 762 753 de
802 712 1020 764 prebenda
1062 712 1335 764 provideatur
1375 724 1452 764 per
1490 707 1696 765 prefatas.
1719 713 1977 754 abbatissam
2016 718 2059 755 et

185 788 433 826 conuentum
466 783 518 823 ad
543 784 673 835 ipsius
707 782 1053 822 sustentationem
1078 786 1124 822 vt
1156 782 1289 833 possit
1316 782 1543 822 diocesano
1576 782 1658 822 loci
1685 786 1727 822 et
1758 782 2057 835 archidiacono

185 856 253 908 qui
286 867 362 906 pro
396 858 583 904 tempore
616 851 771 891 suerint
802 851 973 891 soluere
1007 851 1098 890 ivra
1132 863 1223 890 sua.
1290 851 1431 891 Omnis
1462 856 1599 891 autem
1632 853 1700 904 qui
1731 852 1841 891 hanc
1874 856 2058 892 nostram

185 923 546 965 confirmacionem
579 932 657 961 seu
689 922 821 972 ipsam
855 920 1080 960 ecclesiam
1113 923 1184 960 aut
1217 921 1307 959 eius
1339 921 1475 960 dotem
1506 921 1741 960 inuaserint
1773 922 2058 961 excommuni-

186 1005 329 1033 camus
362 994 479 1044 ipsos
505 991 725 1031 tradentes
758 990 799 1029 in
826 989 1031 1028 interitum
1058 1000 1194 1040 vsque
1219 989 1422 1028 redierint
1456 989 1508 1029 ad
1543 990 1811 1041 penitentiam
1845 993 1887 1030 et
1911 1001 2055 1030 emen-

185 1062 290 1102 dam.
355 1062 506 1101 Datum
541 1060 582 1099 in
614 1059 782 1099 Modriz
823 1069 932 1096 anno
966 1058 1119 1111 gracie
1151 1056 1513 1098 Mccxxxllll.
1556 1059 1654 1098 VII.
1686 1059 1908 1098 Kalendas
1941 1058 2056 1111 Sep-

183 1131 369 1171 tembris.
403 1128 673 1181 presentibus
706 1127 937 1167 Woccone
979 1127 1224 1166 camerario.
1258 1127 1479 1167 Hartliebo
1519 1127 1758 1182 bui-gravio
1799 1128 2055 1168 Znoimensi.

183 1199 405 1251 Arnvlpho
430 1197 673 1238 trebecensi
699 1200 740 1236 et
763 1195 915 1236 Ottone
935 1195 1235 1234 Lvtomislensi
1261 1196 1498 1236 abbatibus.
1519 1196 1725 1236 Nicholao
1755 1197 2054 1237 archidiacono

182 1269 428 1309 brunnensi.
463 1265 662 1308 Conrado
695 1265 859 1305 notario
892 1264 1124 1303 brunnensi
1157 1267 1199 1304 et
1232 1265 1325 1303 aliis
1359 1276 1480 1317 quam
1511 1265 1712 1317 pluribus,

493 1366 549 1401 Ex
572 1365 770 1410 originali
792 1365 825 1396 in
849 1365 941 1397 curia
963 1364 1189 1406 Brunensi3
1212 1363 1277 1399 lad.
1301 1364 1344 1397 Κ.
1368 1374 1398 1397 n.
1423 1362 1460 1398 3.

1000 1540 1243 1584 CCXLVI.

185 1635 400 1692 PJ-emysl‚
432 1638 624 1679 marchio
656 1639 896 1689 moraviae,
929 1637 1073 1677 decisa
1107 1639 1176 1677 lite
1209 1637 1400 1677 concedit
1421 1637 1644 1679 Ratiborio
1677 1636 1729 1677 de
1761 1635 1919 1689 Debljn
1948 1649 2055 1689 par-

248 1712 328 1750 tem
367 1708 780 1761 arqente’fodinarum
820 1709 865 1747 in
897 1707 1068 1760 Dehljn.
1133 1708 1292 1747 Datum
1332 1707 1538 1760 Iylaviae,
1571 1718 1713 1746 mense
1744 1705 1994 1759 Septembri,

1051 1776 1204 1816 1234.

313 1871 375 1932 In
408 1891 572 1929 nomine
615 1891 765 1928 sancte
806 1890 848 1927 et
888 1887 1099 1927 indiuidue
1138 1887 1335 1927 trinitatis
1375 1897 1508 1926 amen.
1572 1887 1674 1940 Ego
1716 1885 1948 1937 P(remizl]
1989 1884 2055 1924 dei

185 1960 340 2014 gracia
388 1959 574 1999 marchio
623 1957 820 1999 Morauie
861 1985 870 1996 .
912 1986 921 1995 .
964 1956 1114 1995 Notum
1161 1958 1215 1996 sit
1255 1956 1455 1996 omnibus.
1498 1955 1699 2007 quomodo
1741 1966 1797 1994 ex
1838 1954 2058 1995 sentencia

183 2040 207 2067 a
243 2026 291 2068 C.
326 2028 475 2067 iudice.
540 2026 590 2067 G.
632 2027 854 2066 urburario
895 2026 1135 2078 ceterisque
1176 2025 1335 2064 iuratis.
1368 2025 1558 2065 montium
1599 2025 1640 2063 in
1673 2023 1770 2075 Iyla
1809 2034 1973 2063 necnon
2006 2023 2056 2063 L.

183 2096 404 2137 urburario
445 2097 486 2136 in
524 2096 640 2136 Brod
673 2099 820 2136 contra
859 2094 1037 2134 nobilem
1076 2097 1261 2134 nostrum
1294 2093 1602 2144 Maubai-ium]
1643 2092 1933 2144 pronunciata.
1966 2095 2055 2132 tres

183 2165 385 2205 stollones
418 2166 510 2204 siue
542 2168 702 2204 montes
735 2165 776 2203 in
811 2162 971 2204 Doblin
1005 2163 1094 2202 iure
1127 2162 1374 2202 obtinuimus
1408 2167 1614 2202 montano.
1662 2162 1881 2201 Intuentes
1915 2164 2055 2200 tamen

185 2237 316 2289 grata
350 2233 536 2273 eiusdem
568 2234 718 2273 nobilis
751 2233 830 2273 uiri
863 2232 1061 2272 seruicia.
1094 2231 1242 2283 quibus
1283 2231 1530 2270 charissime
1564 2231 1684 2270 matri
1717 2234 1864 2270 nostre
1899 2231 2056 2284 regine

184 2301 483 2354 C[onstantie]
527 2313 578 2341 ac
631 2302 752 2341 nobis
792 2301 1041 2352 complacuit
1088 2299 1264 2340 fideliter
1315 2304 1356 2339 et
1396 2301 1663 2340 incessanter
1707 2299 1967 2351 complaceat
2014 2299 2057 2338 in

184 2370 361 2412 futurum
403 2371 537 2411 eidem
576 2370 629 2410 de
670 2371 812 2410 innata
851 2370 1120 2424 benignitate
1159 2370 1200 2409 in
1240 2370 1420 2423 gratiam
1462 2367 1671 2409 fidelitatis
1711 2379 1788 2408 sue
1831 2367 2056 2419 specialem

184 2441 389 2480 cessimus
413 2439 465 2479 de
493 2440 600 2478 omni
622 2439 713 2478 iure
748 2438 857 2491 quod
883 2439 922 2478 in
948 2438 1146 2489 predictis
1168 2437 1372 2479 montibus
1400 2436 1521 2476 nobis
1548 2439 1787 2487 competere
1813 2435 2055 2475 dinoscitur.

185 2520 236 2549 ac
270 2512 417 2549 tenore
458 2508 713 2561 presentium
745 2507 930 2547 cedimus
970 2508 1049 2558 ipsi
1082 2507 1192 2547 bona
1233 2506 1425 2557 predicta
1456 2506 1497 2546 in
1538 2505 1661 2546 dictis
1694 2504 1899 2545 montibus
1938 2504 2055 2543 iuxta
