2212 2876
1040 70 1114 110 44

140 233 221 275 que
254 219 432 261 fidelium
465 216 669 270 possidet,
701 215 772 255 vel
805 216 847 254 in
888 212 1066 253 futurum
1098 210 1322 264 possidere
1356 209 1503 250 debet:
1538 203 1652 264 {Ego
1687 207 1898 248 Otocarus
1932 207 2015 247 Dei

139 292 296 347 gracia
328 301 410 330 rex
442 288 719 327 Boliemorum
751 285 911 324 tercius
945 284 985 322 in
1018 282 1332 333 proteccionem
1364 279 1492 333 regie
1527 278 1748 328 potestatis
1781 281 1941 331 nostre7
1975 282 2018 317 et

139 362 182 401 in
214 369 514 400 successorum
554 359 790 395 nostrorum
829 352 1095 404 suscipimus,
1128 350 1319 389 districte
1362 347 1624 400 mandantes7
1664 357 1719 385 ne
1761 349 1854 398 quis
1887 347 2017 388 iudex

141 429 464 482 prouinciarum⁷
489 425 558 464 vel
582 424 689 465 alius
713 423 863 473 aliquis
889 422 930 460 in
955 421 1020 460 his
1043 420 1114 459 vel
1140 420 1181 458 in
1204 419 1297 458 aliis
1320 418 1442 457 bonis
1469 417 1557 455 suis
1584 413 1740 455 fratres
1768 417 1820 455 de
1845 416 2018 457 Ozzech

141 499 289 539 ledere
329 498 557 549 presumat,
598 496 640 533 et
680 493 717 531 si
756 491 917 545 leserit,
964 489 1185 529 Dominum
1224 488 1392 538 Deique
1441 485 1700 526 Genitricem
1740 486 1789 525 B.
1836 486 2017 526 Mariam

143 567 306 607 iudices
354 563 591 605 sustinebit.
654 562 791 601 Huius
831 560 895 599 rei
934 562 1070 598 testes
1110 560 1225 597 sunt:
1275 557 1378 610 Ego
1420 554 1633 596 Otokarus
1682 565 1776 594 rex.
1838 555 2018 595 Zlawco

142 635 352 689 fundator7
386 639 428 674 et
460 632 565 672 filius
599 642 701 670 suus
735 629 994 684 Boguslaus.
1027 626 1220 667 Vnesch.
1260 625 1488 665 Heidricus
1522 624 1576 663 de
1609 623 1756 663 VVira.
1797 624 2019 664 Joliannes

144 706 198 746 de
231 706 366 744 Luna.
400 703 463 742 Pil
498 702 550 741 de
584 699 853 754 Bogzlawiz7
887 702 929 737 et
962 698 1031 737 alii
1065 708 1184 748 quani
1218 696 1374 747 plures.
1425 694 1538 734 Date
1571 704 1648 745 per
1680 705 1841 732 manum
1872 693 2019 734 Bene-

146 775 244 815 dicti
276 772 521 813 cancellarii
554 781 663 810 anno
697 769 862 808 Domini
896 766 961 807 M.
981 764 1072 807 CC.
1092 765 1190 804 vll.

458 901 623 933 Dobuer
651 899 792 931 Annal.
817 898 875 929 VI.
899 894 989 928 629.
1022 915 1066 919 -—
1090 894 1400 937 Sommersberg
1442 893 1682 936 Scriptores
1713 903 1820 926 rerum
1845 893 2022 927 Silesia-

563 962 693 984 carum
717 951 744 983 1.
768 948 858 981 918.

982 1116 1195 1157 XXXVI.

197 1275 205 1283 .
240 1273 251 1283 .
298 1223 423 1296 Ego
456 1240 676 1280 Priiniszle
709 1239 779 1278 dei
814 1238 959 1292 gratia
991 1247 1071 1276 rex
1102 1237 1353 1276 Boemorum
1392 1265 1401 1275 .
1437 1265 1446 1274 .
1487 1236 1643 1275 contuli
1677 1236 1862 1275 ecclesie
1898 1235 2024 1274 beate

152 1314 293 1355 Marie
327 1313 367 1351 in
410 1311 513 1350 Plaz
554 1314 708 1349 terram
749 1308 801 1347 ad
835 1310 1018 1346 aran-um
1058 1307 1099 1345 in
1131 1307 1228 1345 uilla
1268 1306 1449 1344 Ninoniz
1490 1309 1759 1345 cuin'monte
1801 1305 2024 1344 adiacente

156 1384 225 1435 qui
273 1382 424 1421 dicitur
468 1379 680 1419 VVidovle
721 1407 731 1417 .
773 1407 782 1416 .
823 1407 833 1416 .
874 1377 968 1416 Hec
1008 1379 1105 1415 sunt
1144 1377 1307 1414 nomina
1347 1375 1524 1414 testium.
1588 1375 1744 1414 Daniel
1784 1374 2025 1427 pragensis

155 1453 396 1503 episcopus.
429 1448 640 1489 Robert-as
675 1447 970 1487 ΟἶοηηισθηδὶεΔ
1003 1446 1240 1497 episcopus.
1273 1444 1474 1483 Andreas
1500 1445 1741 1495 prepositus
1768 1443 2028 1497 Pragensis.

156 1526 236 1560 etc.
273 1549 283 1559 .
317 1549 327 1559 .
362 1549 371 1559 .
404 1520 514 1558 Acta
548 1520 644 1556 sunt
677 1528 787 1555 anno
821 1516 1032 1571 dominice
1059 1514 1360 1553 incarnationis
1393 1513 1455 1552 Μ.
1484 1511 1574 1554 CC.
1599 1513 1696 1552 VII.
1731 1513 1841 1552 Data
1875 1512 2026 1567 Prage

158 1601 233 1640 per
264 1600 427 1628 manum
460 1588 514 1627 D.
549 1586 797 1625 Rabodonis
831 1584 1089 1624 cancellarii.

469 1716 524 1748 Ex
548 1715 743 1758 originali
767 1715 798 1745 in
822 1714 959 1746 archivo
984 1723 1013 1745 c.
1037 1724 1063 1745 r.
1087 1713 1193 1745 aulico
1218 1711 1496 1745 vindobonae.

977 1916 1212 1957 XXXVII.

222 2072 231 2080 .
267 2070 276 2079 .
308 2020 432 2095 Ego
467 2038 677 2080 Gerlacus
712 2039 847 2078 abbas
881 2038 934 2077 de
956 2037 1161 2088 Myleuzk
1195 2040 1238 2076 et
1270 2047 1358 2090 ego
1386 2035 1550 2075 zlauko
1585 2046 1726 2074 comes
1761 2065 1769 2074 .
1805 2065 1814 2074 .
1849 2046 2032 2074 commu-

163 2112 361 2151 tationem
396 2109 662 2161 quarumdam
694 2109 881 2147 uillarum
915 2108 1150 2146 uoluntarie
1185 2106 1490 2145 celebrauimus
1523 2116 1661 2144 coram
1696 2115 1807 2158 rege
1841 2105 2031 2144 Premiz-

165 2181 260 2220 lone
294 2208 303 2218 .
338 2208 347 2217 .
382 2208 391 2217 .
426 2179 577 2218 Actum
617 2189 726 2217 anno
771 2177 975 2217 dominice
1008 2176 1312 2215 incarnationis
1345 2174 1408 2214 M.
1443 2171 1532 2214 CC.
1566 2173 1666 2216 Vll.
1706 2174 1935 2213 indictione
1976 2173 2032 2212 X.

167 2280 175 2288 .
210 2279 219 2288 .
253 2248 411 2288 'restes
445 2277 455 2286 .
489 2276 499 2286 .
532 2247 586 2286 D.
629 2247 783 2286 Daniel
824 2247 1049 2297 episcopus
1090 2245 1344 2298 PragensiS.
1380 2244 1437 2283 D.
1470 2245 1689 2294 Rupertus
1724 2242 2031 2283 olomucensis.

168 2318 220 2358 D.
254 2317 451 2357 Andreas
487 2317 723 2367 prepositus
755 2315 998 2370 Pragensis
1031 2320 1074 2355 et
1105 2326 1248 2354 omnes
1280 2311 1371 2352 sere
1405 2313 1598 2352 canonici
1631 2312 1899 2366 Pragenses.

480 2446 534 2478 Ex
558 2445 752 2487 originali
777 2447 808 2476 in
831 2445 967 2477 archivo
992 2445 1246 2477 Trebonensi
1271 2444 1301 2474 in
1324 2443 1482 2475 analectis
1507 2442 1679 2474 Franz-isci
1709 2440 1902 2482 Palacky.
