2212 2876
1031 73 1132 113 129
1188 72 1195 79 '

141 218 193 259 de
233 218 452 259 Kenesicz
492 220 534 257 et
575 217 643 256 alii
685 217 812 257 multi.
874 217 936 256 Vt
976 221 1113 257 autem
1151 214 1232 256 hec
1272 219 1476 267 perpetue
1516 214 1718 256 firmitatis
1759 215 1888 256 robur
1934 215 2014 255 ob-

140 289 312 341 tineant7
352 290 593 339 presentem
642 288 845 341 paginam
878 287 1091 326 conscribi
1138 290 1180 326 et
1220 286 1352 340 sigilli
1387 286 1519 325 nostri
1552 286 1820 337 inpressione
1868 286 2015 325 muniri

139 354 328 396 fecimus.
391 358 504 397 Acta
553 359 650 396 sunt
691 356 772 395 ista
819 357 860 395 in
898 356 1085 396 Kihowe
1125 368 1235 396 anno
1278 355 1593 394 incarnacionis
1632 355 1694 394 Μ.
1737 352 1827 396 CC.
1869 354 2013 395 XXII.

138 424 259 465 VIII.
292 426 514 466 Kalendas
548 425 784 465 Februarii.

451 546 482 578 E
506 545 655 578 codice
680 545 1003 588 Welehjradensi
1025 545 1096 578 Ms.
1119 546 1174 579 fol.
1199 544 1263 577 47.

988 755 1172 798 CXXV.

142 869 390 920 Heinricus,
423 869 494 921 qui
533 871 572 907 et
609 867 886 919 Wladislaus,
927 868 1120 908 marchio
1162 869 1401 919 Moron-iae,
1436 868 1603 920 confert
1640 870 1879 908 camerario
1912 881 2016 909 con-

142 939 269 977 sortis
310 950 413 977 suae
442 949 523 989 pro
553 936 748 990 fidelibus
781 938 965 976 servitii-s·
998 938 1143 976 villam
1182 937 1475 976 H'erulem·lice
1506 939 1550 976 in
1583 938 1771 977 terminis
1805 938 2017 978 Polom'ae

601 1007 736 1045 silam.
799 1007 949 1046 Actum
984 1006 1101 1058 apud
1133 1006 1356 1060 opaviam,
1396 1006 1551 1046 1222.

270 1099 331 1160 In
364 1118 529 1158 nomine
564 1121 713 1157 sancte
747 1121 789 1157 et
821 1117 1034 1157 indiuidue
1068 1118 1264 1157 trinitatis
1298 1129 1431 1157 amen.
1481 1119 1583 1172 Ego
1609 1118 1839 1158 Heinricus
1873 1120 1941 1171 qui
1975 1124 2017 1159 et

140 1187 418 1228 XVladizlaus
461 1187 527 1226 dei
577 1187 731 1241 gracia
769 1187 954 1227 marchio
995 1187 1205 1227 Mol-anie.
1269 1187 1420 1226 Notum
1470 1199 1571 1227 esse
1610 1188 1706 1227 volo
1746 1191 1828 1227 tam
1868 1186 2017 1228 suturis

142 1268 261 1309 quam
305 1256 575 1308 presentibus
617 1257 781 1296 cunctis
832 1255 990 1297 Christi
1033 1254 1222 1295 fidelibus
1266 1256 1374 1308 quod
1422 1268 1510 1311 ego
1551 1256 1714 1296 cuidam
1754 1259 2017 1308 procuratori

141 1324 342 1366 bonorum
376 1337 428 1365 ac
462 1337 598 1365 rerum
623 1326 832 1365 consortis
857 1337 946 1364 mee
969 1325 1167 1364 uidelicet
1192 1325 1472 1365 VVernhardo
1507 1337 1597 1365 cum
1628 1337 1843 1366 consensu
1874 1325 2018 1367 fratris

141 1396 221 1435 mei
254 1395 404 1435 domini
439 1394 652 1435 Odachari
687 1395 860 1434 illustris
894 1395 1018 1449 regis
1050 1395 1298 1434 Boemorum
1339 1406 1418 1434 nec
1452 1407 1534 1434 non
1569 1398 1611 1434 et
1644 1394 1816 1434 filiorum
1848 1407 2016 1436 suorum

143 1475 233 1504 cum
267 1464 524 1515 plenitudine
565 1474 731 1515 quoque
765 1464 909 1517 gratie
949 1474 1040 1502 mee
1074 1463 1115 1502 in
1157 1463 1372 1514 presentia
1413 1463 1613 1503 baronum
1657 1475 1838 1503 meorum
1878 1465 2015 1505 villam

143 1533 350 1585 quandam
392 1543 474 1584 que
524 1531 812 1584 Wernharticj
843 1536 1022 1571 vocatur
1061 1533 1106 1571 in
1144 1533 1333 1571 terminis
1377 1532 1559 1572 Polonie
1598 1534 1716 1572 sitam
1757 1533 2016 1574 hereditario

142 1603 234 1642 iure
268 1602 345 1641 sibi
380 1613 431 1641 ac
465 1601 609 1653 pueris
642 1602 731 1640 suis
765 1604 970 1652 perpetuo
1005 1601 1301 1652 possidendam
1334 1613 1417 1640 non
1450 1603 1542 1641 sine
1576 1603 1666 1641 iure
1700 1603 1874 1642 rationis
1909 1615 2016 1643 con-

142 1671 227 1711 tuli.
290 1670 405 1710 Idem
438 1671 545 1710 enim
585 1674 832 1721 prenotatus
872 1675 1122 1722 procurator
1154 1671 1354 1710 bonorum
1395 1672 1594 1725 coniugis
1628 1682 1718 1710 mee
1753 1673 1793 1710 in
1826 1672 2015 1712 omnibus

143 1743 186 1780 et
217 1750 294 1791 per
334 1740 469 1779 omnia
508 1739 707 1779 honorem
749 1743 791 1779 et
831 1738 1061 1791 profectum
1104 1741 1340 1791 inquantum
1382 1741 1513 1790 potuit
1553 1751 1683 1779 meum
1726 1740 1929 1792 siquidem
1963 1752 2014 1781 ac

140 1812 256 1850 terre
289 1819 379 1848 mee
413 1806 591 1848 fideliter
630 1809 833 1859 promouit
865 1812 990 1860 atque
1033 1809 1322 1848 accumulauit.
1386 1809 1454 1848 Ne
1494 1813 1630 1848 autem
1673 1813 1939 1860 pretaxatam
1973 1813 2016 1849 et

142 1877 391 1918 rationabile
430 1875 583 1917 sactum
617 1888 747 1916 meum
791 1878 1008 1929 quisquam
1041 1889 1335 1917 successorum
1376 1889 1558 1917 meorum
1590 1878 1734 1917 valeat
1773 1877 2014 1933 infringere

141 1947 211 1987 uel
253 1957 417 1998 quoquo
458 1946 577 1986 modo
617 1958 796 1986 cassare
843 1948 1099 1998 inposterum
1143 1958 1231 2001 ego
1275 1946 1562 1986 nichilominus
1609 1947 1649 1986 id
1692 1947 1824 1998 ipsum
1863 1946 2014 1988 factum

142 2026 273 2056 meum
310 2027 391 2054 non
424 2015 555 2054 solum
587 2017 744 2068 scripto
789 2016 975 2067 presenti
1010 2016 1142 2070 sigilli
1175 2016 1254 2055 mei
1287 2016 1554 2066 inpressione
1586 2016 1760 2070 signato
1793 2027 1937 2056 uerum
1971 2020 2015 2057 et

142 2084 379 2124 testimonio
420 2085 603 2124 virorum
644 2084 967 2136 approbatorum
1009 2088 1135 2136 atque
1177 2085 1455 2124 ueridicorum
1499 2085 1540 2123 in
1583 2096 1755 2137 quorum
1794 2087 2013 2137 presentia

143 2155 242 2194 acta
274 2155 370 2192 sunt
409 2152 491 2192 hec
531 2156 574 2192 et
617 2164 787 2206 quorum
828 2155 993 2193 nomina
1026 2165 1213 2206 sequens
1254 2155 1445 2204 exprimit
1484 2154 1737 2206 subscriptio
1778 2152 1927 2195 fulcire
1961 2166 2013 2196 ac

144 2221 426 2262 corroborare
459 2233 543 2261 non
577 2223 707 2262 omisi.
761 2223 856 2263 Hec
888 2234 993 2263 uero
1026 2228 1123 2263 sunt
1154 2223 1316 2262 nomina
1351 2224 1527 2262 testium.
1559 2223 1762 2263 Dominus
1795 2224 2013 2265 Rubertus

144 2291 404 2331 uenerabilis
455 2290 746 2331 olomucensis
792 2292 978 2332 ecclesie
1026 2293 1250 2344 episcopus
1296 2292 1556 2332 Waltherus
1597 2293 1783 2333 eiusdem
1823 2294 2012 2334 ecclesie

145 2359 332 2400 decanus
365 2359 485 2399 Esau
516 2360 759 2400 Radozlaus
790 2359 973 2402 Sisridus
1007 2360 1309 2401 olomucenses
1334 2362 1540 2401 canonici.
1566 2363 1776 2402 Bawarus
1809 2374 1898 2402 cum
1932 2361 2012 2403 filio

145 2440 221 2469 suo
255 2429 439 2468 Bawaro
473 2429 680 2479 prouintie
721 2429 1010 2470 olomucensis
1045 2431 1302 2469 camerarius
1337 2431 1514 2470 Zawisa
1546 2431 1805 2486 burgrauius
1840 2432 2010 2472 Olomu-

145 2497 287 2538 censis
319 2498 478 2538 Boruta
511 2509 602 2538 cum
634 2496 714 2538 filio
741 2510 818 2538 suo
851 2500 1008 2538 Boi-uta
1033 2497 1247 2551 prefectus
1281 2499 1334 2539 de
1359 2499 1553 2540 Podiwin
1584 2501 1627 2540 V
1630 2501 1722 2554 itgo
1748 2501 2009 2556 burgrauius

1632 2569 1695 2611 17
