2212 2876
1043 72 1223 132 272,

163 219 350 259 omnibus
384 219 505 258 bonis
533 217 634 257 suis.
669 215 866 255 uidelicet
894 215 1002 254 uillis
1037 214 1243 277 gffflfflss
1271 213 1404 265 pratis
1436 213 1608 264 pascuis
1632 212 1750 252 siluis
1782 210 2028 252 molendinis

161 289 282 340 aquis
314 292 464 339 tempe.
498 286 618 325 cultis
652 289 694 324 et
727 284 905 323 incultis.
946 282 1241 335 acquisitisltet
1271 281 1555 335 acquirendis.
1589 281 1869 321 decorandam
1903 281 2030 320 duxi-

160 370 248 397 mus
282 361 325 396 et
351 355 604 410 augendam.
630 351 835 393 beneficio
861 354 1016 406 gracie
1049 340 1262 404 specialis
1305 352 1368 391 lta
1396 351 1574 390 scilicet.
1605 354 1650 390 ut
1674 350 1821 389 eadem
1844 350 2030 389 ecclesia

161 437 251 465 cum
286 426 472 465 omnibus
505 416 662 475 prediis
688 422 790 461 suis.
825 432 1084 473 quocumque
1118 409 1296 480 nomine¹2
1309 425 1580 459 censeantur.
1614 431 1638 458 a
1672 419 1808 458 talliis.
1842 418 2030 458 collectis

161 485 468 534 exactionibus.
503 487 777 532 edificacione
805 501 884 530 seu
907 488 1232 529 reedificacione
1256 484 1489 529 castrorum
1514 488 1583 527 uel
1611 487 1851 541 oppidorum
1885 486 2031 527 soren-

161 565 277 602 sium.
321 563 373 602 ab
407 548 681 610 accusat-ione
724 570 804 611 que
837 559 970 613 uulgo
1012 559 1160 599 Narok
1194 554 1355 598 dicitur.
1395 570 1422 597 a
1456 558 1719 611 grauamine.
1752 556 1862 608 quod
1895 555 2030 596 Zwod

161 635 436 683 nuncupatur.
484 629 960 681 aupernoctacionibus.
1009 639 1089 680 que
1128 627 1321 667 Nozlehe
1371 627 1645 666 nominantur.
1692 626 1745 665 ab
1785 626 1892 664 omni
1939 626 2031 665 iure

160 699 500 741 beneficiatorum
541 711 619 738 seu
661 699 982 738 camerariorum
1022 700 1270 736 nostrorum.
1312 696 1475 735 scilicet
1513 698 1558 734 ut
1596 695 1732 734 nullus
1772 695 2031 734 camerarius

161 771 287 810 intret
317 770 441 809 uillas
474 768 715 809 monasterii
750 767 803 806 ad
837 767 1014 818 aliquem
1055 765 1275 805 citandum.
1309 765 1378 805 uel
1420 765 1471 804 ad
1506 764 1659 816 aliquid
1698 764 1752 803 ibi
1785 762 2032 803 faciendum.

161 839 240 879 sed
272 837 488 893 significet
519 837 784 889 procuratori
819 836 1005 876 ecclesie
1040 835 1230 886 predicte
1270 835 1336 873 cui
1369 833 1587 873 commissa
1620 837 1686 872 est
1719 834 1958 884 procuratio
1992 832 2033 871 in

162 908 472 960 temporalibus.
511 910 556 946 ut
595 909 822 946 accusatos
865 905 977 944 citet.
1022 905 1217 956 quatinus
1255 903 1322 942 die
1366 906 1408 942 et
1449 902 1541 942 loco
1583 901 1857 941 determinato
1892 912 2034 940 coram

162 978 368 1017 iudicibus
401 980 570 1028 statuat.
613 986 784 1027 quorum
818 975 995 1013 interest
1028 985 1184 1012 causas
1224 972 1420 1012 Marchie
1453 975 1597 1011 nostre
1630 974 1816 1010 tractare
1851 974 1892 1009 et
1925 968 2033 1009 diffi-

161 1047 268 1087 nire.
317 1050 359 1086 et
395 1050 441 1086 ut
483 1056 564 1097 que
612 1041 860 1095 specificare
909 1054 992 1081 non
1040 1053 1260 1093 possumus
1307 1041 1574 1095 generaliter
1623 1039 1932 1079 concludamus.
1978 1038 2032 1078 ab

164 1115 353 1155 omnibus
388 1113 707 1169 grauaminibus
741 1112 861 1151 nouis
891 1114 933 1150 et
965 1111 1181 1150 ueteribus
1214 1110 1596 1150 consuetudinariis
1630 1110 1722 1148 siue
1756 1109 1921 1147 nouiter
1951 1107 2033 1147 ad-

164 1173 350 1224 inuentis
384 1186 590 1235 perpetuo
624 1183 678 1221 sit
709 1181 844 1220 libera
878 1183 920 1220 et
953 1183 1147 1231 excepta.
1197 1179 1278 1219 Jus
1312 1180 1455 1218 eciam.
1489 1177 1596 1230 quod
1631 1177 1753 1217 datur
1786 1188 1860 1228 pro
1894 1177 2034 1228 capite

164 1254 228 1293 eis
261 1252 541 1292 concedimus.
578 1251 629 1290 de
661 1248 755 1290 fure
789 1252 830 1289 et
861 1249 1024 1289 latrone
1064 1251 1314 1288 statuentes,
1347 1250 1391 1286 ut
1423 1247 1458 1286 si
1498 1245 1564 1286 sur
1595 1247 1664 1286 uel
1696 1246 1803 1285 latro
1838 1247 1877 1285 in
1910 1245 2033 1284 bonis

165 1322 352 1361 ecclesie
385 1324 688 1373 prememorate
721 1317 847 1359 suerit
890 1317 1183 1370 deprehensus
1217 1318 1258 1356 in
1291 1315 1399 1356 furto
1441 1313 1674 1356 manifesto.
1706 1315 1776 1354 uel
1809 1315 1861 1354 de
1894 1314 2032 1366 aliquo

168 1391 330 1431 occulto
379 1393 607 1430 accusetur
654 1389 819 1428 scilicet
869 1387 1006 1440 quoad
1048 1387 1239 1426 iudicium
1287 1384 1391 1425 ferri
1433 1385 1656 1425 candentis
1703 1384 1773 1423 uel
1815 1394 1924 1436 aque
1963 1383 2033 1423 uel

165 1471 361 1499 uomeres
395 1459 624 1498 calcandos
664 1459 755 1497 siue
790 1457 913 1496 duelli
957 1459 998 1496 et
1037 1456 1312 1495 conuincatur
1344 1455 1386 1494 in
1425 1455 1563 1506 aliquo
1596 1455 1767 1493 istorum
1802 1454 1842 1492 in
1882 1452 2033 1492 iudicio

166 1528 363 1568 seculari.
411 1528 524 1568 bona
571 1526 675 1566 suris
729 1528 821 1566 siue
868 1526 931 1565 rei
977 1525 1086 1565 dicto
1134 1525 1387 1564 monasterio
1443 1523 1716 1577 integraliter
1775 1524 2034 1562 remaneant.

167 1597 345 1638 Judices
386 1600 523 1636 autem
557 1608 728 1648 quorum
770 1596 947 1634 interest
985 1592 1143 1633 faciant
1183 1594 1235 1633 de
1273 1604 1348 1633 reo
1389 1591 1498 1645 quod
1538 1593 1601 1631 eis
1634 1593 1782 1631 iustum
1814 1591 2036 1631 uidebitur.

165 1666 213 1707 Si
253 1678 355 1706 uero
395 1666 582 1706 eiusdem
629 1665 793 1704 cenobii
836 1664 1024 1703 homines
1066 1674 1206 1702 coram
1254 1662 1460 1702 iudicibus
1503 1663 1657 1701 nostris
1697 1660 1926 1711 culpabiles
1968 1660 2037 1699 in-

165 1737 402 1775 ueniantur.
444 1746 524 1774 nec
565 1734 686 1774 nobis
735 1745 815 1773 nec
856 1733 1061 1772 iudicibus
1101 1733 1256 1771 nostris
1296 1742 1377 1771 nec
1423 1729 1708 1770 beneficiariis
1748 1728 1901 1781 aliquid
1939 1728 2038 1769 inde

167 1805 353 1844 utilitatis
386 1804 620 1856 proueniat.
653 1802 729 1843 sed
764 1802 874 1854 apud
907 1802 1014 1841 idem
1047 1801 1266 1841 cenobium
1291 1803 1487 1852 quantum
1519 1799 1572 1839 ad
1605 1799 1716 1839 bona
1750 1799 1882 1849 ipsius
1915 1797 2037 1849 culpe

167 1872 397 1913 satisfactio
439 1876 703 1925 perseueret.
737 1873 817 1911 nisi
858 1872 899 1910 in
932 1883 983 1910 eo
1018 1871 1058 1909 in
1102 1882 1182 1922 quo
1215 1872 1382 1909 tenetur
1415 1865 1668 1907 satisfacere
1701 1866 1963 1906 aduersario.
1996 1864 2038 1905 id

169 1946 236 1982 est
267 1943 386 1982 salua
410 1943 514 1982 lesis
547 1945 590 1982 et
614 1941 802 1980 iniuriam
836 1941 977 1992 passis
1003 1937 1294 1978 satisfactione
1327 1937 1556 1992 condigna.
1603 1936 1819 1976 Adicimus
1851 1936 2038 1987 insuper.

167 2016 211 2051 ut
243 2012 431 2051 homines
475 2012 663 2051 eiusdem
696 2011 881 2050 ecclesie
922 2020 999 2061 per
1030 2012 1155 2048 totam
1193 2011 1348 2046 terram
1382 2009 1566 2045 nostram
1609 2007 1702 2045 iura
1734 2003 1922 2054 forensia
1954 2015 2038 2043 non

169 2081 425 2132 persoluant.
468 2092 548 2120 nec
582 2081 635 2120 ab
678 2081 741 2119 eis
774 2079 1010 2119 theloneum
1050 2077 1120 2117 uel
1152 2076 1379 2130 pedagium
1422 2075 1638 2129 exigatur.
1672 2074 1752 2114 nisi
1786 2072 1892 2113 forte
1924 2083 2038 2113 mer-

171 2153 289 2188 cator
324 2150 524 2189 extiterit.
560 2149 628 2201 qui
661 2149 795 2188 soluto
828 2147 1026 2187 theloneo
1060 2146 1171 2186 nulla
1205 2156 1379 2197 prorsus
1413 2142 1783 2195 dampnificacione
1816 2146 2038 2197 grauetur.

172 2217 369 2260 Ceterum
401 2222 445 2257 ut
478 2219 611 2257 omnia
636 2218 825 2257 breuiter
858 2215 1273 2267 comprehendamus.
1298 2224 1456 2253 omnem
1488 2213 1702 2253 utilitatem
1737 2212 1829 2251 siue
1853 2212 1895 2250 in
1928 2222 2038 2262 qua-

173 2287 399 2327 tuordecim
441 2287 627 2326 denariis
667 2288 758 2326 siue
799 2287 839 2325 in
880 2286 972 2325 aliis
1013 2285 1064 2324 ad
1106 2295 1184 2323 nos
1223 2286 1496 2335 spectantem.
1537 2286 1580 2322 ct
1620 2292 1722 2320 usus
1762 2283 1931 2320 nostros
1970 2278 2038 2319 uel

172 2368 466 2396 successorum
517 2360 753 2395 nostrorum
801 2355 869 2395 uel
910 2352 1208 2394 beneficiarios
1255 2354 1425 2391 nostros
1474 2363 1497 2390 a
1537 2350 1659 2390 nobis
1699 2347 1934 2389 infeudatos
1975 2348 2038 2387 eis

173 2426 425 2465 remittimus.
458 2429 502 2464 ut
534 2425 659 2475 plena
693 2427 734 2463 et
767 2422 955 2475 perfecta
988 2422 1208 2477 gaudeant
1246 2421 1454 2460 libertate.
1490 2423 1532 2460 et
1564 2422 1608 2459 ut
1639 2418 1776 2458 nullus
1809 2418 1872 2457 eis
1906 2427 2038 2456 nouas

174 2495 444 2535 condiciones
485 2497 631 2533 contra
670 2496 825 2532 statuta
867 2496 1010 2531 nostra
1052 2492 1207 2532 audeat
1247 2492 1463 2541 inponere.
1528 2489 1709 2539 Insuper
1747 2487 1963 2526 statuimus
1995 2488 2039 2524 ut
