2212 2876
943 91 1252 153 *370³*

165 249 253 276 rum
285 237 534 276 auctoritate
568 236 743 275 alicuius
782 235 998 289 priuilegii
1031 234 1084 274 ab
1118 234 1351 286 apostolica
1390 233 1494 274 sede
1527 234 1672 274 indulti
1712 236 1847 275 nullus
1881 235 2035 275 audeat

164 307 364 345 retinere.
427 305 706 344 Vniuersitati
745 308 891 344 uestre
940 315 1016 355 per
1055 303 1287 355 apostolica
1337 304 1495 354 scripta
1542 304 1801 344 mandantes.
1842 307 2034 356 quatinus

167 374 375 426 quoslibet
408 377 555 413 contra
583 373 865 413 inhibitionem
890 376 1074 412 nostram
1101 373 1153 412 ab
1182 373 1363 423 ipsorum
1393 371 1563 412 fratrum
1592 373 1736 413 ordine
1765 373 2034 413 discedentes

167 447 210 482 et
242 446 414 494 propter
439 442 518 482 hoc
553 442 934 481 excommunicatos
960 441 1013 480 ab
1047 442 1152 492 ipsis
1174 451 1309 492 usque
1343 441 1394 480 ad
1424 439 1754 481 satisfactionem
1780 443 2035 497 condignam

166 512 307 551 arcius
341 512 520 551 euitetis.
555 515 597 550 ct
629 509 795 550 faciatis
829 510 882 550 ab
917 510 1104 549 omnibus
1139 510 1300 549 euitari.
1348 509 1458 549 Nulii
1493 521 1605 563 ergo
1638 511 1799 550 omnino
1834 511 2034 550 hominum

166 581 293 620 liceat
332 580 442 620 hanc
483 581 681 634 paginam
716 583 860 619 nostre
901 579 1157 618 inhibitionis
1197 577 1449 633 infringere.
1481 579 1549 618 uel
1584 580 1624 618 ei
1666 591 1773 618 ausu
1813 580 2035 620 temerario

164 649 389 688 contraire.
452 648 597 700 Siquis
631 652 765 688 autem
800 648 880 688 hoc
913 651 1160 699 attemptare
1192 648 1506 698 presumpserit.
1539 647 1870 702 indignationem
1904 649 2035 687 omni-

163 718 346 769 potentis
387 717 454 757 dei
495 722 537 756 et
577 718 794 756 beatorum
833 714 948 756 Petri
992 720 1035 756 et
1075 716 1194 755 Pauli
1235 716 1516 767 apostolorum
1549 717 1640 754 eius
1680 727 1730 756 se
1772 718 1935 756 nouerit
1968 718 2035 756 in-

165 798 396 826 cursurum.
458 786 612 826 Datum
661 786 868 826 Laterani
916 786 1013 825 llll.
1063 785 1212 826 Nonas
1260 785 1375 825 Julii.
1425 783 1698 825 Pontificatus
1746 787 1878 826 nostri
1925 798 2034 826 anno

165 855 490 908 quartodecimo.

476 954 531 988 Ex
555 953 752 998 originali
781 953 939 989 ibidem‘
1047 975 1053 984 .
1543 964 1568 979 a„
1588 947 1654 977 ἐυ»

992 1129 1214 1173 CCCXX.

163 1226 389 1279 Roberlus,
432 1228 656 1279 episcopus
698 1226 1007 1278 olomucensis,
1048 1227 1270 1280 confirmat
1306 1226 1507 1279 hospitali
1545 1228 1681 1266 sancti
1719 1225 1910 1279 Spiritus
1943 1230 2037 1266 anile

163 1296 361 1336 Brmmm
390 1297 702 1350 possessionem
746 1297 1022 1335 ecclesiarum
1065 1297 1109 1335 in
1148 1291 1389 1348 Kij-annow
1421 1298 1460 1334 el
1489 1296 1533 1334 in
1565 1293 1812 1336 Slarowz‘ce.
1876 1296 2035 1335 Datum

555 1365 672 1420 apud
701 1364 1000 1416 Zabidowice,
1034 1364 1114 1405 112⁷.
1146 1365 1296 1404 Nonas
1329 1363 1456 1416 June}
1503 1363 1656 1403 1240.

293 1458 537 1519 Rubertus
571 1476 637 1517 dei
671 1477 817 1531 gratia
850 1476 1147 1517 olomucensis
1181 1476 1408 1528 episcopus
1442 1475 1630 1516 omnibus
1655 1474 1815 1518 Christi
1847 1473 2036 1516 fidelibus

163 1556 344 1597 presens
371 1546 568 1597 scriptum
593 1547 847 1597 inspecturis
873 1546 1050 1586 salutem
1081 1546 1123 1586 in
1147 1545 1340 1584 Domino.
1375 1543 1542 1593 Quanto
1566 1545 1699 1584 maius
1732 1548 1798 1584 est
1831 1544 2032 1598 gaudium

166 1614 323 1655 Christi
359 1615 626 1669 pauperibus7
660 1626 750 1655 cum
785 1616 848 1654 eis
889 1615 1033 1669 gratia
1076 1614 1224 1654 solacii
1262 1613 1490 1666 aliquarum
1529 1625 1668 1653 rerum
1708 1613 1956 1665 impenditur
1995 1617 2038 1653 et

163 1685 251 1722 suis
285 1685 612 1723 necessitatibus
647 1684 973 1723 misericorditer
1006 1683 1266 1737 subuenitur7
1299 1685 1414 1723 tanto
1455 1683 1492 1722 id
1527 1680 1700 1722 facienti
1739 1682 1951 1722 salubrius
1995 1687 2037 1722 et

165 1753 406 1792 retributori
448 1754 621 1793 omnium
660 1753 862 1795 bonorum
899 1754 1117 1804 acceptius
1166 1764 1241 1804 pro
1289 1756 1407 1792 certo
1456 1751 1664 1792 credimus
1713 1755 1755 1791 et
1802 1762 2036 1802 speramus.

164 1821 292 1861 Vnde
325 1826 473 1861 noscat
505 1826 584 1862 tam
618 1833 799 1875 presens
822 1822 1024 1861 hominum
1050 1825 1158 1876 etas,
1187 1832 1307 1873 quam
1332 1822 1373 1861 in
1401 1819 1573 1862 Christo
1596 1832 1854 1860 successura
1889 1824 2035 1872 poste-

164 1892 281 1944 ritas,
315 1891 423 1943 quod
458 1903 535 1930 nos
568 1891 772 1930 ecclesias
805 1892 849 1933 in
881 1892 1105 1931 Krisanov
1146 1893 1185 1929 et
1221 1891 1266 1929 in
1297 1889 1540 1941 Strasouiz,
1583 1901 1688 1941 quas
1727 1890 1794 1929 vir
1831 1888 2036 1929 honestus

165 1959 402 2001 l‘ribizlaus
447 1961 608 2000 nomine
650 1972 836 2011 supanus
878 1972 970 1999 cum
1017 1972 1094 1999 sua
1133 1960 1322 2014 coniuge
1363 1958 1512 2000 Sibilla
1553 1958 1716 1998 nomine
1758 1958 1896 1998 diuino
1936 1962 2037 1998 nutu

165 2028 338 2067 excitati
371 2040 453 2067 non
485 2029 615 2068 solum
648 2041 722 2080 pro
756 2041 846 2082 sua,
879 2040 1022 2068 uerum
1056 2033 1098 2069 et
1130 2040 1298 2068 suorum
1330 2028 1680 2080 predecessorum
1712 2038 1762 2067 ac
1802 2038 2035 2067 successo-

167 2109 253 2135 rum
296 2100 337 2136 et
379 2098 552 2137 omnium
600 2096 778 2139 fidelium
818 2103 898 2138 tam
940 2099 1125 2137 viuorum
1166 2108 1284 2150 quam
1325 2097 1447 2138 etiam
1487 2095 1773 2136 defunctorum
1812 2096 1948 2136 salute
1980 2094 2040 2135 ad

166 2165 434 2217 hospitalem
457 2167 640 2206 Brunna
659 2168 702 2206 in
726 2167 886 2206 honore
908 2179 941 2206 8.
968 2166 1158 2218 Spiritus
1176 2164 1422 2207 fabricatum
1447 2166 1685 2206 obtulerunt
1709 2169 1750 2205 et
1774 2165 1956 2205 decimas
1982 2165 2036 2204 de

147 2236 327 2291 *cunctis
369 2236 479 2293 yillis
520 2234 724 2275 edificatis
766 2241 807 2276 et
848 2235 1092 2275 edificandis
1137 2235 1187 2275 ad
1230 2236 1450 2275 Kr1sanov
1491 2239 1532 2275 et
1572 2236 1612 2273 in
1662 2234 1887 2275 Strazouiz
1927 2245 2030 2285 per-

163 2303 375 2343 tinentium
408 2307 449 2343 et
482 2305 601 2343 etiam
635 2305 844 2344 ecclesias
885 2303 1101 2345 edificatas
1135 2308 1177 2344 et
1209 2305 1332 2344 etiam
1365 2302 1622 2344 edificandas
1656 2303 1697 2342 in
1725 2303 1872 2342 eadem
1904 2302 2035 2342 here-

166 2372 292 2411 ditate
327 2378 368 2412 et
408 2373 569 2424 aliquas
605 2374 727 2413 villas
768 2375 935 2425 proprie
976 2373 1096 2413 datas
1137 2373 1190 2412 ad
1230 2374 1467 2426 petitionem
1508 2373 1787 2424 predictorum
1820 2372 1867 2411 P.
1909 2375 1950 2410 et
1987 2370 2034 2412 S.

166 2441 414 2480 auctoritate
455 2443 724 2493 episcopatus
767 2443 896 2481 nostri
938 2441 1238 2482 confirmamus.
1300 2443 1383 2482 Rei
1424 2442 1546 2481 huius
1585 2444 1720 2481 testes
1759 2444 1876 2480 sunt:
1918 2440 2034 2479 Esau

167 2510 395 2550 canonicus
430 2515 471 2551 et
503 2511 571 2550 aiii
605 2511 795 2550 canonici
830 2511 1120 2551 olomucensis
1154 2511 1285 2551 chori.
1324 2511 1528 2550 Nicolaus
1562 2513 1604 2550 et
1628 2509 1854 2550 Radislaus
1888 2508 2031 2547 archi-
