2212 2876
1089 89 1158 130 50

186 248 268 290 que
302 235 564 289 episcopatui
598 245 688 274 meo
721 232 1000 285 proximiores
1035 235 1171 272 erant.
1235 231 1396 271 Verum
1434 241 1490 271 ne
1521 242 1652 283 super
1683 231 1765 272 hac
1798 242 1846 272 re
1878 243 2061 272 succes-

185 306 353 346 soribus
393 305 564 346 nostris.
604 303 674 343 uel
721 302 975 354 quibuslibet
1013 302 1107 341 aliis
1156 301 1239 341 litis
1282 301 1546 353 relinquatur
1594 302 1778 341 occasio.
1819 306 2061 353 presentem

186 376 388 430 paginam
420 373 651 414 nominibus
683 372 848 412 testium
881 371 948 424 qui
982 371 1078 410 huic
1104 370 1408 410 commutationi
1441 367 1721 410 interfuerunt
1753 374 1795 410 et
1826 371 2062 425 sigillorum

184 449 410 484 caractere
443 443 576 483 nostri
609 441 809 482 uideIIcet
832 444 874 480 et
907 441 1094 480 ecclesie
1121 439 1425 491 perpetualiter
1458 437 1745 478 confirmamus
1771 440 2061 492 relinquentes

184 514 226 554 in
258 513 464 553 mandatis
491 510 639 564 quodsi
673 511 765 562 quis
791 509 872 549 hoc
907 508 1060 549 factum
1084 507 1324 563 infregerit.
1349 508 1574 547 anathema
1598 508 1664 548 sit.
1713 508 1901 548 'I'estium
1925 512 2061 549 autem

184 583 350 623 nomina
396 585 492 621 sunt
538 580 633 620 hec.
683 579 944 619 Waltherus
991 578 1283 619 olomucensis
1331 578 1518 617 ecclesie
1567 577 1770 617 decanus.
1816 578 2062 629 Stephanus

184 651 475 692 olomucensis
498 649 753 701 prepositus.
785 648 978 688 Wtesen
1013 648 1259 687 canonicus.
1292 647 1361 687 W
1365 646 1485 686 ratko
1508 647 1754 686 canonicus.
1781 647 1901 687 Esau
1930 658 2062 687 cano-

184 721 318 761 nicuS.
352 723 395 760 et
426 718 777 770 archipresbyter
811 718 1102 769 prerouiensis
1136 718 1367 769 prouincie.
1403 717 1553 756 Ysaac
1587 717 1832 756 canonicus.
1866 714 2062 757 Cusdrah

184 790 428 829 canonicus.
467 787 670 828 Andreas
711 788 954 827 canonicus.
987 787 1142 826 Petrus
1183 786 1427 825 canonicus.
1461 785 1708 826 Radozlaus
1748 786 1978 825 canonicus
2021 790 2063 824 et

187 859 514 898 archidiaconus
535 857 752 909 prouincie
780 857 1073 896 olomucensis.
1101 855 1283 895 lacobus
1306 855 1550 895 canonicus.
1568 858 1610 894 et
1635 856 1844 909 magister
1868 854 2062 896 Sitl'ridus

187 928 433 967 canonicus.
467 926 718 981 Boguzlaus
745 927 990 965 canonicus.
1023 925 1319 965 Theodericus
1346 925 1590 964 canonicus.
1624 924 1805 976 Moyses
1831 925 2063 964 canonicus

191 1001 234 1037 et
282 996 631 1047 archipresbyter
681 995 1056 1035 Brachizlauensis
1103 995 1334 1045 prouincie.
1389 993 1575 1035 Sidebor
1621 993 1865 1032 canonicus.
1912 993 2062 1032 Abbas

187 1066 476 1121 gradicensis.
505 1065 655 1104 Abbas
680 1064 998 1118 uelgradensis.
1025 1064 1168 1105 Sudco
1197 1064 1450 1114 prepositus.
1473 1063 1712 1102 Johannes.
1746 1062 1894 1103 Sidon.
1920 1061 2061 1101 Frido.

188 1135 397 1186 capellani
430 1135 577 1174 nostri.
611 1133 784 1188 Godeg.
824 1133 1078 1172 Rodoslaus.
1113 1133 1348 1173 Johannes.
1388 1132 1573 1171 Blasius.
1606 1132 1865 1171 Dobrouest.
1901 1118 2062 1170 Dedus.

185 1204 368 1258 Drugos
403 1207 445 1243 et
476 1204 703 1244 Adrastus.
737 1203 978 1254 presbyteri
1018 1206 1061 1242 et
1106 1203 1255 1241 uicarii
1295 1202 1577 1241 olomucensis
1626 1201 1826 1241 ecclesie.
1866 1201 2063 1240 Bauarus

187 1274 447 1313 camerarius
476 1273 769 1312 olomucensis.
797 1272 982 1311 Zauisse
1016 1272 1290 1311 castellanus
1313 1271 1469 1310 Doben
1502 1270 1644 1309 iudex.
1681 1270 1829 1310 Bludo.
1862 1270 2062 1309 Iacobus.

185 1342 407 1382 Kolianus.
440 1342 544 1381 Buz.
586 1341 808 1381 Dubache.
847 1341 1041 1381 Zlauata.
1081 1340 1252 1380 Paulus.
1296 1338 1557 1379 beneficiarii
1599 1340 1878 1379 olomucensis
1920 1339 2061 1378 castri.

186 1412 409 1452 Radozlau
432 1411 596 1450 uillicus
624 1414 782 1450 noster.
833 1409 897 1450 Ob
930 1411 1168 1450 memoriam
1200 1409 1323 1449 huius
1356 1407 1455 1448 facti
1488 1410 1720 1448 statuimus.
1748 1414 1792 1448 vt
1817 1409 2062 1461 quicumque

183 1481 237 1520 ad
280 1481 505 1520 ecclesiam
547 1480 599 1519 de
640 1480 890 1519 Dubraunik
932 1480 972 1518 in
1013 1477 1242 1519 festiuitate
1286 1482 1435 1518 sancte
1479 1479 1619 1517 crucis
1667 1478 1901 1517 aduenerit.
1942 1488 2062 1529 quam

184 1549 253 1589 diu
286 1551 378 1601 ipsa
418 1550 596 1591 steterit.
639 1553 799 1600 septem
843 1549 1001 1588 dierum
1040 1549 1225 1588 iniuncte
1268 1559 1377 1598 pene
1416 1548 1667 1587 remissione
1710 1547 1903 1587 donetur.
1968 1546 2061 1585 Hec

185 1624 323 1659 autem
358 1624 455 1659 acta
488 1623 585 1659 sunt
619 1619 787 1670 publice
821 1619 861 1658 in
904 1618 1084 1669 capitulo
1119 1617 1399 1657 olomucensi.
1433 1617 1498 1656 his
1540 1621 1582 1656 et
1614 1617 1707 1657 aliis
1747 1617 1927 1656 testibus
1963 1627 2062 1667 pre-

186 1688 391 1728 sentibus.
440 1689 576 1728 Verbi
618 1689 839 1727 incarnati.
904 1688 1028 1726 Anno
1062 1688 1124 1727 M.
1159 1685 1249 1727 CC.
1283 1687 1403 1725 VIII.
1435 1686 1682 1726 Indictione.
1717 1687 1792 1726 xl.
1834 1686 1995 1736 Epacta
2030 1685 2061 1724 1.

185 1763 468 1797 concurrente
510 1759 562 1797 ΙΙ.
606 1758 840 1797 dominicali
881 1757 1019 1796 littera
1065 1757 1112 1795 E.
1162 1753 1438 1794 Pontificatus
1479 1756 1609 1794 nostri
1644 1768 1766 1794 anno.
1804 1755 1899 1794 vll.
1949 1755 2060 1794 Data

185 1838 261 1877 per
293 1839 438 1866 manus
473 1827 666 1866 canonici
700 1827 831 1866 nostri
864 1826 1012 1865 Ysaae
1048 1825 1144 1864 ΥΠ.
1178 1825 1400 1864 Kalendas
1435 1823 1644 1863 Octobris.

497 1953 548 1985 Ex
574 1953 774 1995 originali
801 1955 830 1984 in
855 1954 946 1984 curia
971 1952 1175 1984 Brunensi
1199 1950 1281 1982 Lad.
1309 1951 1333 1982 1.
1358 1961 1387 1982 n.
1416 1949 1448 1981 1.

1059 2163 1198 2203 XLII.

316 2274 602 2334 Innocentius
638 2306 745 2344 papa
772 2294 846 2333 III.
881 2305 1020 2345 reqem
1048 2292 1253 2332 Boemiae
1286 2290 1488 2342 hortatur7
1513 2295 1556 2331 ut
1590 2291 1686 2345 regi
1722 2290 1860 2331 Ottoni
1898 2290 2061 2330 adhae-

186 2366 287 2402 reat.
323 2363 502 2413 [nc—nse
536 2363 648 2401 ,lulio
683 2363 909 2416 exeunte),
955 2362 1100 2402 1:208.

499 2489 651 2519 Baluze
678 2508 717 2511 =—
744 2490 792 2519 ih-
819 2492 926 2530 negot.
953 2491 1075 2530 imperii
1102 2500 1118 2519 t·
1143 2491 1278 2531 regesto
1312 2487 1539 2518 innocentii
1572 2487 1632 2518 111.
1664 2487 1716 2517 lib.
1744 2486 1823 2517 xil.
1849 2486 1944 2526 epist.
1976 2481 2059 2516 ¹56.
