2212 2876
976 69 1043 111 73

78 215 204 270 regni
247 214 379 254 nostri
420 213 521 254 XV.
561 213 676 253 Data
715 224 822 253 vero
861 213 1117 264 Prosteyow
1158 213 1292 266 pridie
1331 212 1550 253 Kalendas
1590 212 1796 253 Januarii.
1858 213 1945 253 Per

76 295 222 324 manus
257 283 418 324 erici
450 283 599 323 notarii
634 283 780 322 nostri.

387 383 442 415 Ex
466 382 662 425 originali
687 383 718 414 in
741 381 877 413 archivo
901 381 1183 413 Melitensium
1206 381 1380 424 Pragae.

936 549 1095 590 LXIII.

74 642 290 697 Premysl,
322 657 407 684 rem
434 645 650 696 Boemicte,
684 643 743 683 od
772 645 1112 683 intercessionem
1146 644 1386 695 Hf'lndislai,
1419 644 1681 684 marchionis
1704 646 1941 695 Moraviae,

76 716 115 754 et
143 713 334 765 Rober!i‚
368 714 556 766 episcopi
582 713 891 764 olomucensis,
925 714 1146 765 confirma!
1163 715 1458 764 possessiones
1491 717 1529 752 et
1551 713 1761 754 libertates
1792 726 1943 754 mona-

136 784 360 823 steriorum
402 782 623 834 Teplensis
656 785 695 821 et
726 779 1090 824 Cholesowiensis.
1158 783 1315 821 Datum
1357 783 1401 821 in
1436 779 1688 835 Prosleyow
1720 784 1885 833 [mense

774 850 1038 901 Decembri),
1079 850 1230 890 1213.

204 944 263 1005 In
299 963 460 1002 nomine
494 966 642 1002 sancte
682 966 725 1003 et
765 963 979 1002 indiuidue
1013 963 1222 1002 trinitatis.
1286 963 1389 1016 Ego
1428 962 1651 1002 Premizel
1689 963 1755 1002 dei
1791 965 1944 1017 gracia

75 1044 155 1074 rex
187 1032 644 1085 Boliemie,vniue1·sis
678 1030 839 1072 Christi
865 1031 1055 1072 fidelibus
1090 1037 1170 1071 tam
1196 1030 1323 1070 suturi
1356 1042 1479 1083 quam
1510 1032 1698 1071 moderni
1731 1034 1941 1084 temporis.

76 1101 181 1144 Cum
228 1100 472 1152 principalis
522 1101 577 1140 sit
623 1101 903 1156 prouidentie,
942 1113 1111 1141 suorum
1164 1104 1389 1152 temporum
1437 1101 1631 1140 actiones
1674 1101 1727 1140 ad
1777 1113 1945 1142 suorum

74 1182 372 1212 successorum
419 1168 590 1210 deferre
623 1171 872 1225 memoriam,
914 1175 956 1210 et
989 1171 1190 1221 precipue
1224 1180 1290 1223 ea,
1332 1180 1413 1221 que
1455 1169 1638 1209 libertati
1684 1172 1945 1222 prospiciunt

75 1240 393 1281 ecclesiastice:
427 1240 621 1279 nouerint
652 1243 735 1279 tam
768 1244 994 1291 presentes
1028 1250 1149 1291 quam
1183 1237 1322 1291 futuri,
1357 1239 1467 1290 quod
1501 1251 1578 1278 nos
1619 1239 1672 1278 ad
1706 1241 1944 1290 petitionem

75 1309 214 1350 dilecti
256 1309 387 1348 nostri
429 1307 480 1350 G.
520 1307 756 1348 fundatoris
804 1309 1024 1361 Teplensis
1071 1308 1271 1358 ecclesie,
1312 1308 1531 1348 libertates
1573 1312 1616 1347 et
1654 1309 1944 1363 indulgentias

73 1382 115 1418 et
147 1378 411 1432 donationes,
445 1389 552 1430 quas
587 1378 721 1418 eidem
757 1378 943 1418 ecclesie
977 1382 1018 1418 et
1052 1379 1174 1417 etiam
1209 1379 1534 1417 Holesouicensi
1566 1377 1749 1417 diuersis
1782 1383 1944 1429 tempo-

74 1447 192 1487 ribus
240 1459 316 1498 pro
367 1451 512 1486 nostro
560 1452 602 1487 et
644 1459 940 1487 successorum
981 1451 1215 1486 nostrorum
1256 1446 1440 1485 remedio
1474 1447 1735 1500 contulimus,
1783 1449 1824 1486 in
1864 1447 1944 1487 hac

74 1521 218 1556 nostre
251 1514 572 1555 confirmationis
613 1520 654 1555 et
694 1517 985 1556 concessionis
1027 1517 1188 1569 pagina
1230 1515 1418 1555 breuiter
1457 1516 1773 1567 recapitulando
1815 1527 1944 1555 cura—

73 1586 207 1625 uimus
248 1585 454 1639 annotari,
497 1596 579 1637 que
620 1586 662 1624 in
701 1586 778 1624 iam
811 1586 974 1625 collatis
1014 1585 1253 1639 priuilegiis
1294 1596 1349 1623 ex
1383 1586 1629 1636 scriptorum
1671 1586 1943 1639 negligentia

75 1652 243 1694 suerunt
276 1654 528 1707 intermissa,
561 1654 761 1705 supplere
794 1660 835 1694 et
868 1653 1113 1694 confirmare
1154 1654 1386 1704 cupientes.
1453 1654 1629 1694 Primum
1664 1654 1826 1706 quidem
1862 1667 1944 1694 an-

73 1727 230 1763 nuente
263 1728 305 1763 et
337 1726 507 1774 petente
539 1721 672 1762 fratre
712 1728 856 1763 nostro
898 1722 1152 1768 ii'ladtzlao,
1193 1720 1432 1762 fauentibus
1466 1721 1571 1777 filiis,
1614 1724 1941 1763 acclamantibus

74 1795 117 1832 et
147 1791 412 1832 laudantibus
455 1792 696 1843 primatibus
736 1797 816 1832 tam
857 1792 1055 1831 Boliemis
1095 1803 1216 1843 quam
1256 1791 1463 1843 lum-auis,
1505 1792 1706 1843 predictis
1746 1793 1942 1832 ecclesiis

72 1860 114 1900 in
146 1860 282 1915 bonis,
315 1872 396 1913 que
430 1872 540 1900 nunc
573 1861 805 1914 possident,
839 1866 881 1901 et
913 1862 954 1901 in
987 1865 1199 1912 posterum
1243 1864 1438 1911 poterunt
1470 1860 1664 1914 adipisci,
1697 1861 1749 1901 de
1783 1862 1940 1913 causis,

74 1929 206 1980 culpis
256 1933 298 1969 et
345 1928 719 1983 satisfactionibus,
767 1941 926 1969 omnem
977 1930 1097 1970 nobis
1136 1931 1377 1969 attinentem
1429 1931 1674 1970 contulimus
1713 1931 1940 1971 utilitatem.

72 1998 252 2050 Insuper
276 2000 526 2039 auctoritate
553 2000 770 2039 statuimus
802 1999 1036 2051 principali,
1060 2004 1104 2039 ut
1128 1999 1407 2050 predictarum
1435 1999 1714 2039 ecclesiarum
1739 2000 1941 2051 homines,

72 2068 114 2107 in
154 2078 404 2120 quacunque
443 2071 564 2119 parte
604 2073 720 2108 terre
761 2072 1080 2122 commorantes,
1121 2081 1145 2107 a
1186 2072 1330 2108 nostra
1373 2072 1415 2107 et
1454 2072 1691 2107 nostrorum
1732 2072 1940 2119 potestate

73 2147 370 2176 suceessorum
403 2140 446 2176 et
477 2136 654 2177 dominio
687 2138 946 2189 sequestrati
978 2148 1028 2177 ac
1061 2137 1228 2189 penitus
1261 2137 1440 2176 absoluti
1473 2137 1596 2176 nullis
1627 2137 1940 2177 uniuersalibus

73 2205 277 2259 collectis,
325 2216 406 2257 que
454 2217 532 2257 per
578 2206 820 2246 Boliemiam
860 2205 949 2246 fieri
998 2206 1148 2259 solent,
1194 2206 1262 2245 uel
1314 2205 1437 2245 huius
1485 2206 1592 2245 modi
1646 2206 1940 2246 exactionibus

74 2275 252 2328 grauari
293 2273 489 2328 debeant,
528 2275 606 2314 sed
645 2275 700 2315 ab
741 2276 848 2315 omni
895 2273 1164 2314 infestatione
1204 2278 1247 2314 et
1298 2275 1528 2314 vexatione
1570 2280 1778 2326 potentum
1818 2275 1940 2315 liberi

73 2346 358 2394 permaneant.
421 2343 570 2383 Nullus
605 2355 679 2384 eos
712 2356 788 2396 pro
828 2349 1076 2397 castrorum,
1109 2354 1190 2395 que
1224 2344 1263 2383 in
1303 2348 1418 2383 terra
1452 2356 1530 2383 sua
1569 2348 1678 2398 sunt,
1714 2342 1940 2383 reedifica—

73 2412 186 2452 tione
219 2416 490 2452 commoneat.
551 2412 701 2453 Nullus
742 2425 817 2453 eos
851 2426 926 2464 pro
965 2413 1183 2467 ingruenti
1225 2413 1364 2464 aliqua
1397 2413 1666 2464 expeditione
1707 2413 1938 2465 inquietare

74 2480 241 2521 audeat.
305 2481 454 2521 Nullus
487 2492 563 2522 eos
596 2494 672 2533 pro
704 2484 971 2534 reparatione
1004 2483 1162 2522 uiarum
1195 2482 1262 2522 uel
1301 2482 1408 2522 silue
1441 2483 1679 2522 succisione
1713 2483 1753 2522 in
1786 2482 1938 2521 ambitu

1562 2550 1625 2590 10
