2212 2876
1094 103 1202 144 334

207 247 399 302 regulari
434 228 656 298 disciplina
697 245 858 300 domino
892 238 1078 308 militanti
1120 245 1334 297 quemdam
1368 245 1583 284 circuitum
1624 256 1715 285 cum
1748 246 1935 286 omnibus
1978 247 2080 286 atti-⁸

206 318 383 357 nenciis.
416 317 552 371 agris.
585 316 735 367 pratis,
769 309 955 366 pascuis.
989 314 1120 353 siluis.
1153 312 1398 353 fluminibus.
1432 317 1475 353 et
1507 314 1599 353 aliis
1633 315 1753 354 cultis
1786 316 1878 355 siue
1911 315 2078 355 incultis

207 397 456 440 quocunque
489 386 652 425 nomine
687 388 956 424 censeantur.
1004 383 1251 424 Szemizlav
1285 383 1526 437 uulgariter
1559 388 1837 434 nuncupatum
1872 385 1911 423 in
1936 385 2078 424 Holu-

205 457 322 496 censi
364 455 553 494 districtu
602 464 692 492 cum
733 451 814 492 filia
860 465 938 492 sua
977 454 1045 504 pie
1085 451 1402 492 recordacionis
1449 453 1529 503 ipsi
1570 453 1774 504 quondam
1823 454 2077 492 matrimonio

204 524 405 578 legaliter
445 527 487 562 et
526 522 775 561 naturaliter
808 521 1002 572 copulata
1046 533 1120 573 pro
1162 521 1258 561 dote
1302 521 1482 560 donauit.
1548 522 1596 560 In
1637 523 1729 573 ipsa
1770 522 2003 561 donacione
2036 521 2077 561 id

205 593 448 643 exprimens
489 594 530 631 et
570 590 841 644 distinguens
880 593 925 629 ut
963 591 1000 629 si
1040 588 1148 629 sorte
1188 591 1279 641 ipsa
1321 595 1634 641 premoreretur
1674 591 1742 630 uel
1782 592 2079 641 superuiueret

201 661 490 702 nichilominus
540 660 755 710 predictus
802 659 999 710 VVoyteh
1051 659 1103 698 de
1151 659 1272 698 bonis
1323 661 1559 710 pretaxatis
1612 671 1687 711 pro
1728 670 1805 698 sue
1850 660 2077 699 uoluntatis

203 729 414 770 commodo
448 728 697 780 disponendi
730 728 910 768 haberet
941 728 1113 767 liberam
1154 727 1406 783 facultatem.
1470 727 1579 769 Sunt
1612 732 1748 768 autem
1780 729 1942 768 termini
1975 740 2076 780 pre-

201 799 396 839 nominati
437 799 637 837 circuitus
679 800 758 837 tam
799 799 840 837 in
888 797 1153 852 longitudine
1195 808 1315 849 quam
1364 798 1405 836 in
1446 798 1664 837 latitudine
1704 810 1729 838 a
1778 798 1885 837 silua
1925 797 2077 837 domini

202 868 389 919 episcopi
432 868 474 907 in
514 867 703 907 Zlaucob
745 877 879 918 usque
919 866 971 905 ad
1012 867 1157 905 siluam
1200 866 1558 906 Gradezcensem.
1599 870 1641 907 et
1681 866 1737 907 ab
1778 867 1926 906 eadem
1966 867 2076 906 silua

200 948 336 988 usque
377 937 576 976 terminos
623 936 730 975 silue
778 947 858 987 que
905 936 1091 975 Brezaw
1134 936 1380 975 nominatur.
1430 948 1455 974 a
1505 932 1706 975 Brezaw‘
1737 936 1779 975 in
1820 935 2001 976 Gedlaw
2049 947 2075 975 a

201 1005 380 1060 gedlaw
410 1016 545 1057 usque
578 1005 620 1044 in
653 1005 861 1056 Zterylna
895 1016 920 1043 a
952 1005 1157 1055 Zterylna
1189 1015 1324 1056 usque
1357 1004 1409 1043 ad
1435 1002 1597 1044 fluuium
1625 1005 1869 1056 qui-Desna
1909 1005 2073 1059 vulga-

200 1075 304 1114 riter
343 1077 619 1125 nuncupatur.
682 1073 774 1113 Nos
813 1074 955 1126 itaque
996 1073 1207 1112 donationi
1249 1073 1381 1113 eidem
1422 1073 1675 1114 liadibentes
1716 1072 1990 1117 fauorabilem
2031 1075 2074 1113 et
2100 1117 2117 1130 Δ,

138 1158 140 1160 ·
199 1142 431 1197 benignum
462 1143 585 1182 hilari
616 1142 870 1182 liberalitate
903 1153 1155 1182 consensum
1183 1154 1258 1193 pro
1290 1142 1548 1182 habundanti
1582 1143 1749 1183 cautela
1781 1148 2073 1195 perpetuaque

199 1213 395 1251 memoria
440 1215 680 1263 presentem
727 1213 931 1266 paginam
979 1211 1112 1266 sigilli
1161 1212 1295 1251 nostri
1343 1211 1535 1251 duximus
1583 1213 1802 1252 munimine
1836 1208 2074 1266 'insingnirl
2127 1235 2130 1238 ·

198 1281 364 1321 testium
397 1278 707 1331 subscriptione
740 1281 963 1320 subiuncta
997 1292 1167 1332 quorum
1200 1281 1365 1321 nomina
1398 1282 1439 1320 in
1472 1281 1749 1332 sequentibus
1793 1282 2072 1321 continentur.
2133 1294 2137 1299 ¹

198 1349 267 1389 De
301 1347 447 1389 ordine
481 1350 790 1401 predicatorum
822 1348 955 1389 frater
988 1349 1233 1389 Radozlaus
1273 1353 1315 1389 et
1354 1348 1490 1389 frater
1528 1349 1785 1404 Gregorius.
1848 1350 1917 1389 De
1951 1349 2071 1389 domo

199 1430 234 1458 s.
275 1418 470 1458 iohannis
511 1417 643 1458 frater
682 1419 939 1459 Bohuzlaus.
1002 1419 1223 1473 Magister
1264 1419 1482 1470 Hylarius.
1543 1418 1730 1460 Stizlaus
1771 1418 1926 1458 Petrus
1966 1416 2073 1458 filius

198 1487 416 1528 Zobiherd
457 1487 657 1529 Stanimir
703 1488 756 1528 de
802 1489 938 1528 trubc.
978 1488 1111 1527 Ector
1156 1488 1275 1527 miles
1316 1489 1517 1539 episcopi.
1573 1488 1784 1527 Predibor
1824 1488 1877 1527 de
1916 1487 2071 1528 Moriz.

196 1555 441 1596 Ratiborius
475 1560 517 1601 et
549 1555 653 1596 lilius
686 1568 793 1596 suus
826 1557 952 1597 Jenz.
994 1557 1196 1596 Ranozir.
1230 1559 1271 1596 et
1303 1555 1410 1596 filius
1437 1568 1539 1596 suus
1564 1557 1683 1597 Zmil.
1717 1557 1876 1597 Milicz.
1911 1554 2072 1608 Capel-

195 1624 317 1664 ianus
350 1626 603 1665 marchionis
637 1626 801 1666 Victor.
834 1626 977 1668 Sezla.
1009 1626 1256 1666 Ludiwicus
1288 1626 1462 1666 uisicus.
1531 1626 1794 1666 Acta‘sunt.
1836 1626 1917 1665 hec
1959 1636 2069 1665 anno

198 1695 352 1748 gracie
394 1694 455 1734 M.
496 1693 586 1736 CC.
626 1696 771 1736 XXX.
821 1699 984 1735 octauo.
1033 1695 1267 1735 Indictione
1315 1695 1393 1734 IX.
1466 1695 1619 1735 Datum
1658 1694 1770 1747 apud
1818 1695 1947 1735 Hulin
1992 1705 2070 1747 per

199 1774 344 1802 manus
380 1763 565 1804 Victoris
599 1765 751 1804 natarii
785 1765 860 1804 VI.
892 1764 1114 1805 Kalendas
1147 1765 1384 1804 Februarii.

509 1864 563 1896 Ex
591 1865 785 1907 originali
808 1866 839 1896 in
863 1865 955 1896 curia
977 1865 1202 1906 Brunens'i3
1226 1863 1291 1895 lad.
1315 1863 1348 1896 J.
1373 1862 1410 1896 2.

1267 1950 1284 1982 ⁸

1038 2037 1238 2091 CCXCI.

200 2127 416 2185 PFemysl,
448 2135 640 2175 marchio
678 2114 917 2188 Moraviae,
950 2137 1205 2175 monasterio
1238 2132 1496 2175 Gradicensz
1535 2134 1683 2175 villam
1713 2133 1871 2175 Polom
1903 2133 2070 2186 confert

260 2218 354 2245 oum
387 2204 585 2257 libertate,
618 2217 700 2256 qua
731 2205 843 2245 aliae
881 2205 1010 2245 villae
1041 2204 1287 2244 monasterii
1315 2203 1513 2255 gaudent.
1575 2204 1651 2244 DI„
1692 2203 1885 2256 Proque,
1919 2203 2006 2243 III.

717 2273 945 2315 Kalendas
977 2274 1157 2327 Aprilis,
1196 2271 1349 2314 1238.

328 2366 389 2427 In
423 2385 587 2424 nomine
620 2389 769 2425 sancte
804 2389 845 2425 et
886 2385 1096 2425 indiuidue
1136 2385 1347 2424 trinitatis.
1387 2384 1536 2424 Amen.
1576 2383 1755 2424 Premisl
1797 2383 2066 2424 miseratione

201 2454 340 2494 diuina
380 2454 563 2493 marchio
589 2454 799 2509 Morauie7
832 2455 1066 2494 uene-rabili
1101 2455 1142 2493 in
1173 2452 1344 2494 Christo
1377 2453 1519 2493 abbati
1547 2452 1733 2494 Gerlaco
1758 2454 1915 2505 totique
1941 2463 2066 2492 sacro

201 2523 425 2563 conuentui
458 2521 738 2564 Gradicmwz's
771 2524 957 2564 ecclesie
991 2525 1032 2563 in
1066 2526 1323 2575 perpetuum.
1386 2523 1489 2564 Post
1521 2523 1639 2575 primi
1677 2523 1867 2574 parentis
1907 2522 2065 2561 ruinam
