2212 2876
977 90 1181 152 „331⁶

196 238 540 279 consecrauimus
587 236 639 276 ad
680 234 936 286 sepulturam
977 244 1204 284 pauperum
1247 235 1289 272 et
1328 231 1655 287 peregrinorum
1693 233 1751 273 ibi
1796 233 2068 273 morientium.

195 308 472 362 Indulgemus
506 309 548 345 et
580 304 634 344 ad
667 304 916 355 peticionem
950 302 1097 341 ciuium
1132 302 1452 341 Brunnensium.
1499 305 1543 342 ut
1575 305 1825 353 receptores
1866 300 2068 342 fraterni-

194 380 322 418 tatum
357 375 543 416 eiusdem
575 374 656 412 loci
689 373 782 411 sine
814 371 896 411 ulla
931 371 1263 410 contradictione
1297 370 1447 409 ibidem
1479 370 1741 410 tumulentur.
1792 370 2070 411 Decreuimus

194 447 369 498 insuper
401 447 445 484 ut
477 445 733 494 receptores
757 439 1062 480 fraternitatum
1097 440 1189 479 siue
1230 440 1497 480 collectarum
1532 443 1770 479 vestrorum
1803 440 1914 491 (sic)
1948 440 2068 479 saluo

196 517 287 557 iure
321 514 574 554 dominorum
606 522 772 550 suorum
808 510 848 549 in
882 509 994 548 beati
1022 509 1300 560 VVencezlay
1332 509 1529 559 martyris
1563 511 1606 547 et
1630 512 1774 548 nostra
1809 510 2069 559 protectione

196 585 442 625 consistant.
479 584 520 620 et
553 591 659 632 pace
693 579 921 618 salubriter
965 579 1186 629 potiantur.
1250 577 1450 618 Similiter
1491 577 1612 616 etiam
1645 578 1856 616 sancimus
1896 581 1940 617 ut
1973 578 2069 629 qvi-

197 663 373 705 cumqve
396 649 523 690 suerit
555 650 597 688 in
621 652 768 688 vestra
800 646 1066 687 s1·ate1‘nitate
1091 650 1302 697 receptus.
1328 647 1364 686 si
1389 644 1533 686 forsan
1567 646 1846 697 parrochialis
1881 647 2069 687 ecclesia

194 724 313 762 cuius
346 721 438 772 ipse
470 718 779 770 parrochianus
815 717 988 756 exstitit.
1023 728 1048 754 a
1081 714 1232 755 diuinis
1266 714 1391 755 suerit
1424 713 1570 756 officiis
1610 715 1847 755 interdicta.
1890 726 2069 767 eumqve

193 792 295 832 mori
329 788 571 842 contigerit.
612 787 691 837 ipsi
724 786 942 837 sepultura
985 785 1281 824 ecclesiastica
1314 796 1396 824 non
1430 787 1640 838 negetur„
1671 785 1750 828 nisi
1784 785 2070 824 excommuni-

186 864 315 900 ‘catus
350 858 418 899 vel
451 857 686 897 nominatim
719 853 844 895 suerit
877 854 1138 894 interdictus.
1188 854 1391 893 Decimas
1426 858 1561 893 autem
1595 852 1648 893 de
1680 854 1808 893 terris
1842 856 1884 893 et
1917 854 2068 894 vineis.

194 930 346 982 qvibus
386 927 438 967 ad
488 938 592 977 opus
642 923 887 964 infirmorum
938 928 979 963 et
1020 935 1246 974 pauperum
1296 922 1477 973 propriis
1526 922 1719 962 manibus
1757 926 1799 962 et
1838 923 2068 974 sumptibus

183 999 344 1039 colitis,
378 997 470 1036 siue
512 995 564 1034 de
598 994 856 1033 nutrimentis
890 993 1133 1031 animalium.
1169 993 1260 1031 siue
1293 991 1345 1031 de
1379 990 1796 1035 fructibusortorum
1831 996 2069 1032 vestrorum

194 1068 330 1109 nullus
365 1067 551 1119 exigere
594 1064 662 1102 uel
696 1060 954 1113 extorqvere
999 1064 1224 1112 presumat.
1288 1060 1414 1100 Licet
1447 1065 1583 1100 autem
1616 1059 1658 1100 in
1692 1061 1878 1102 domibus
1912 1063 2068 1102 uestris
2104 1052 2106 1055 ¹

193 1138 314 1178 uobis
349 1148 453 1188 quas
486 1135 527 1173 in
562 1133 867 1185 presentiarum
901 1131 1080 1170 habetis.
1115 1130 1182 1169 uel
1217 1131 1258 1169 in
1290 1128 1467 1169 futurum
1500 1131 1617 1169 eritis
1651 1131 1844 1171 habituri.
1877 1131 1928 1177 ad
1964 1144 2069 1183 opus

192 1210 377 1247 uestrum
411 1207 453 1244 et
484 1201 636 1242 familie
670 1206 818 1241 vestre
852 1211 932 1252 nec
966 1212 1049 1239 non
1089 1198 1336 1238 infirmorum
1371 1203 1413 1238 et
1446 1211 1673 1250 pauperum
1706 1200 1859 1240 ibidem
1891 1212 2068 1240 manen-

193 1277 303 1316 tium.
385 1273 631 1314 Oratorium-
674 1274 716 1310 et
763 1270 1018 1321 cymiterium
1067 1269 1160 1308 sine
1209 1268 1497 1320 impedimento
1547 1269 1770 1308 cuiuslibet
1817 1269 2068 1310 conditionis

192 1345 368 1385 habere.
411 1342 465 1382 ad
497 1341 577 1381 hec
612 1340 841 1380 districtius
876 1339 1109 1378 inhibemus
1149 1349 1203 1378 ne
1237 1350 1261 1377 a
1294 1341 1336 1377 te
1370 1336 1423 1376 fili
1457 1337 1510 1377 R.
1543 1339 1753 1392 magister
1785 1338 1853 1378 uel
1886 1350 2068 1379 succes-

193 1413 361 1455 soribus
393 1412 475 1451 tuis
520 1414 561 1450 et
593 1408 793 1449 fratribus
827 1407 1045 1460 hospitalis
1086 1407 1271 1447 eiusdem
1305 1407 1459 1461 exigat
1497 1407 1580 1446 ulla
1613 1407 1821 1446 secularis
1855 1408 2068 1448 ecclesia-

193 1484 359 1523 sticave
392 1492 578 1532 persona
612 1477 846 1518 fidelitates.
880 1477 1072 1517 hominia.
1097 1477 1341 1516 iuramenta.
1374 1477 1443 1515 uel
1475 1476 1731 1516 securitates
1765 1477 1950 1528 reliquas
1984 1487 2068 1529 qve

193 1565 219 1594 a
267 1552 387 1591 laicis
427 1548 763 1601 sreqventantur.
827 1548 1047 1587 Postremo
1091 1557 1196 1598 quas
1243 1546 1419 1591 consilio
1461 1549 1503 1585 et
1545 1557 1728 1586 assensu
1776 1547 2067 1597 episcoporum

193 1634 218 1662 a
245 1621 412 1661 clericis
438 1619 505 1658 uel
532 1631 555 1658 a
584 1618 703 1657 laicis
737 1617 954 1668 potueritis
989 1616 1180 1655 obtinere
1214 1616 1402 1666 istasque
1435 1625 1542 1666 qvas
1576 1615 1938 1655 consentientibus
1972 1615 2067 1654 dio-

192 1691 362 1731 cesanis
396 1689 608 1740 episcopis
642 1686 967 1726 successoribus
1001 1686 1103 1724 meis
1131 1689 1173 1724 et
1205 1685 1374 1724 clericis
1402 1684 1455 1723 ad
1482 1695 1588 1735 qvos
1621 1685 1803 1735 pertinet
1835 1685 2066 1736 acqviretis

192 1759 442 1800 auctoritate
475 1761 622 1797 nostra
656 1760 697 1795 et
730 1766 1025 1795 successorum
1060 1758 1308 1793 nostrorum.
1343 1757 1385 1793 et
1411 1753 1622 1804 presentis
1656 1753 1800 1804 scripti
1836 1753 2064 1808 privilegio

194 1828 499 1868 communimus.
563 1824 760 1867 Ceterum
797 1825 896 1876 qvia
926 1836 1007 1863 non
1033 1824 1130 1863 nulli
1156 1826 1251 1863 sunt
1282 1823 1392 1862 sicut
1424 1823 1664 1872 accepimus
1697 1822 1737 1860 in
1772 1821 1929 1861 eisdem
1964 1834 2066 1873 pro-

194 1899 342 1938 uinciis
369 1897 438 1949 qvi
458 1897 498 1935 in
525 1896 763 1935 elemosinis
797 1893 958 1934 dandis.
983 1894 1051 1932 uel
1078 1893 1363 1944 promittendis
1395 1892 1519 1932 beato
1552 1892 1751 1931 Antonio.
1783 1895 1923 1931 votum
1947 1903 2065 1932 suum

193 1968 382 2019 protinus
417 1969 593 2005 actenus
627 1965 866 2004 omiserunt.
893 1966 935 2002 et
962 1962 1018 2002 hii
1042 1963 1187 2002 merito
1214 1973 1422 2011 cumrvox
1447 1961 1597 2000 clamet
1626 1960 1882 2012 prophetica.
1907 1965 2064 2002 vouete

193 2041 236 2077 et
268 2035 443 2075 reddite.
469 2038 514 2074 ut
539 2034 718 2074 reddant
751 2034 911 2073 domino
946 2033 1056 2084 qvod
1090 2032 1381 2083 promiSerunt.
1407 2042 1461 2070 ne
1483 2042 1572 2070 cum
1606 2031 1775 2070 Anania
1809 2034 1850 2070 et
1878 2029 2064 2081 Saphira

193 2106 265 2157 qvi
297 2104 504 2144 abeuntes
536 2108 766 2144 retrorsum
792 2102 925 2141 meriti
948 2106 1044 2142 sunt
1069 2113 1102 2140 s.
1126 2101 1288 2152 spiritui
1316 2099 1618 2151 judicarentur.
1651 2100 1707 2139 Et
1734 2099 1832 2151 qvia
1858 2100 2062 2150 petitores

193 2173 380 2214 eiusdem
421 2173 648 2212 elemosine
681 2172 794 2211 beati
827 2171 998 2211 Antonii
1031 2171 1164 2210 minus
1196 2169 1351 2221 ydonei
1392 2169 1632 2208 extiterunt.
1666 2179 1742 2207 eos
1774 2165 1936 2207 fructus
1970 2168 2063 2208 ele-

191 2242 351 2283 mosine
384 2242 425 2281 in
457 2253 560 2281 usus
593 2252 819 2292 pauperum
860 2240 1008 2280 ibidem
1042 2240 1082 2278 in
1116 2240 1288 2278 Brunna
1330 2239 1677 2279 commorantium.
1719 2237 1987 2276 concedimus
2020 2240 2064 2277 et

191 2312 472 2365 indulgemus.
510 2310 565 2349 Vt
598 2314 734 2350 autem
767 2310 902 2349 omnia
935 2309 1123 2348 breuiter
1155 2307 1570 2359 comprehemlamus.
1604 2310 1645 2346 et
1673 2307 1713 2345 in
1744 2306 1866 2345 villis.
1902 2306 2062 2345 vineis.

191 2385 233 2421 et
265 2381 396 2420 siluis.
429 2380 563 2434 agris.
597 2380 778 2431 pascuis.
811 2379 1057 2418 molentinis.
1091 2378 1279 2418 lacubus.
1313 2377 1620 2416 venationibus.
1654 2376 1776 2415 cultis
1810 2378 1852 2414 ot
1877 2374 2060 2414 incultis.

192 2451 287 2490 sivo
320 2450 553 2490 noualibus.
597 2449 748 2488 habitis
781 2449 848 2487 uel
889 2447 1095 2487 habendis
1137 2447 1322 2486 eiusdem
1362 2446 1442 2486 loci
1483 2446 1733 2485 auctoritate
1774 2447 1918 2484 nostra
1953 2455 2058 2483 con-

193 2516 409 2559 firmamus.
451 2517 747 2560 Constituimus
776 2519 898 2557 etiam
918 2521 962 2559 ut
985 2516 1120 2559 nullus
1147 2517 1185 2557 in
1211 2528 1340 2569 supra
1364 2514 1473 2555 dicto
1497 2515 1588 2555 loco
1613 2514 1769 2555 habeat
1793 2516 2058 2566 potestatem.
