2212 2876
1112 106 1211 147 187

225 264 277 293 ac
317 253 593 292 declaramus.
628 250 736 303 quod
777 262 868 297 nos.
911 250 959 291 Ο.
996 250 1063 290 dei
1102 250 1248 304 gratia
1288 261 1380 289 rex.
1421 260 1513 289 cum
1545 246 1626 288 filio
1673 251 1830 287 nostro.
1870 247 1951 287 W.
1994 250 2092 287 tunc

223 323 421 373 temporis
455 322 497 360 in
530 332 681 375 regem
715 323 982 360 consecrato.
1016 319 1069 358 ad
1102 319 1364 359 monitionem
1406 317 1665 358 venerabilis
1704 318 1836 368 patris
1879 318 2010 356 nostri
2044 316 2092 358 S.

223 391 468 445 Maguntini
502 390 828 441 archiepiscopi.
872 400 923 428 ac
957 388 1211 428 dominorum
1252 390 1294 427 et
1326 391 1487 438 patrum
1519 390 1768 426 nostrorum.
1807 386 2018 425 Johannis
2052 389 2094 425 et

224 461 415 500 Roberti.
449 460 692 514 Pragensis
727 462 768 498 et
801 457 1117 498 Olonioncensis
1159 458 1465 508 episcoporum.
1508 467 1590 508 qua
1622 455 1874 495 liberalitate
1909 455 2094 494 ecclesie

224 530 427 581 'I'eplensi
461 529 597 568 villam
624 539 704 580 que
739 528 889 567 dicitur
913 524 1149 567 Cramolim.
1172 526 1416 566 contulimus
1450 526 1490 564 in
1522 528 1766 576 perpetuum
1799 523 2094 575 possidendam

223 610 298 649 pro
338 598 459 637 bonis
508 597 754 649 quibusdam
796 607 876 648 que
924 596 1059 635 eidem
1105 595 1290 634 ecclesie
1337 594 1580 634 abstulimus
1631 599 1713 633 tam
1755 595 1796 632 in
1846 594 1938 643 ipsa
1993 592 2092 632 villa

224 667 479 706 Lutumeric.
507 678 626 719 quam
652 667 766 705 circa
792 666 930 705 villam
957 665 1145 705 eandem.
1193 664 1249 704 Et
1281 675 1335 703 ne
1361 664 1413 703 de
1445 664 1670 703 donatione
1694 671 1838 702 nostra
1871 662 1923 701 de
1951 665 2096 702 cetero

224 735 435 775 dubitetur
483 748 507 775 a
549 747 764 787 quoquam.
803 738 1045 786 presentem
1089 734 1268 773 litteram
1315 733 1551 786 sigillorum
1592 736 1827 772 nostrorum
1871 734 2095 770 caractere

226 805 416 844 duximus
461 805 753 844 roborandam.
824 804 937 843 Acta
987 805 1084 842 sunt
1132 802 1213 841 hec
1258 813 1368 840 anno
1419 802 1624 840 dominice
1677 801 1983 840 incarnationis
2032 800 2093 839 M.

226 872 318 914 CC.
352 874 563 913 XXVIII.
588 874 628 912 in
662 873 874 927 Stragov.
897 884 1038 911 coram
1070 856 1304 911 venerabili
1330 875 1450 921 patre
1484 873 1626 909 nostro
1659 870 1917 923 Maguntino
1951 868 2096 908 archi-

228 944 428 994 episcopo
463 946 505 981 et
536 943 710 981 dominis
743 941 963 995 Pragensi
1004 942 1072 991 [et
1104 940 1394 990 olomucensi)
1429 940 1655 990 episcopis.
1697 950 1748 977 ac
1782 939 1873 977 aliis
1908 938 2095 989 pluribus

225 1012 417 1050 testibus.
459 1022 628 1062 quorum
672 1011 834 1049 nomina
876 1013 972 1049 sunt
1013 1009 1107 1048 hec.
1150 1009 1366 1048 Arnoldus
1407 1010 1647 1060 prepositus
1687 1008 2096 1062 &vissegradensis

226 1081 507 1119 llerimannus
533 1081 774 1130 prepositus
800 1078 1174 1118 InituinericensiS.
1208 1078 1411 1117 Albertus
1438 1078 1572 1117 abbas
1604 1077 1841 1117 Placensis.
1875 1076 2098 1116 Johannes

226 1148 550 1188 archidiaconus
570 1147 845 1189 Curimensis.
874 1148 1126 1187 Zdisselaus
1151 1148 1381 1186 canonicus
1410 1146 1713 1187 Olomucensis.
1736 1146 1909 1184 Boruta.
1937 1146 2098 1185 Zsuest

226 1221 269 1258 et
301 1215 432 1256 frater
464 1219 555 1257 eius
584 1218 756 1258 sibodo.
791 1217 1037 1257 Brezislaus
1062 1221 1103 1255 et
1136 1216 1216 1255 duo
1251 1214 1316 1254 lilii
1344 1217 1448 1255 cius.
1483 1215 1730 1255 Brezislaus
1763 1218 1805 1253 et
1838 1214 2097 1254 Ziliirninus.

225 1287 454 1326 Heinricus
498 1291 540 1326 et
584 1287 780 1326 xvitbko.
821 1285 889 1325 tilii
930 1285 1194 1325 §Vithkonis
1235 1285 1533 1324 Zsuatozlaus.
1574 1284 1752 1323 Wocko
1793 1284 1845 1323 de
1884 1284 2096 1323 Mor-avia.

226 1356 429 1395 Albertus
462 1356 815 1395 subcamerarius.
849 1354 1024 1394 Beneda
1058 1354 1110 1393 de
1144 1354 1366 1393 Zuessam.
1400 1354 1710 1399 Zstreseniirus
1744 1351 1849 1391 filius
1873 1353 2096 1402 Johannis.

227 1423 348 1465 Cuno
376 1425 427 1463 de
458 1423 651 1465 Cunove.
692 1425 792 1478 Ego
820 1422 1002 1465 Sisi-idus
1024 1418 1310 1476 Maguntinus
1345 1423 1692 1474 archiepiscopus
1716 1419 1826 1460 sacto
1860 1422 2098 1472 prescripto

227 1492 406 1532 interfui.
448 1497 489 1532 et
521 1493 704 1547 sigillum
745 1504 874 1531 meum
908 1503 1126 1542 apponens
1161 1492 1371 1530 roboraui.
1407 1490 1506 1546 Ego
1552 1492 1765 1530 Robertus
1807 1490 2096 1530 olomucensis

227 1563 451 1613 episcopus
499 1562 594 1601 huic
643 1560 752 1601 sacto
795 1560 960 1600 interfui
1013 1565 1054 1599 et
1092 1560 1276 1614 sigillum
1320 1571 1450 1599 mcum
1491 1561 1681 1611 apposui.
1729 1560 1831 1614 Ego
1871 1559 2095 1599 Johannes

228 1631 469 1685 Pragensis
504 1631 730 1681 episcopus
764 1629 857 1669 affui
893 1635 934 1669 et
965 1629 1151 1683 sigillum
1184 1640 1315 1668 meum
1348 1629 1537 1680 apposui.

539 1730 593 1761 Ex
618 1730 810 1771 originali
839 1730 1026 1760 monasterii
1052 1728 1272 1769 Teplensis
1298 1729 1329 1759 in
1363 1728 1521 1760 analectis
1549 1728 1585 1759 F.
1610 1727 1817 1769 Palacky3
1843 1727 1954 1770 sigilla
1980 1728 2097 1759 avulsa

642 1780 884 1813 desiderantur.

1017 1929 1306 1972 CLXXXIII.

229 2026 452 2078 Roberlus,
487 2027 710 2079 episcopus
745 2026 1052 2077 Olonna-ensis,
1087 2025 1244 2065 decidit
1280 2026 1388 2065 litem
1422 2026 1528 2064 inlen-
1569 2023 1755 2064 abbatem
1786 2025 2028 2065 Lucensem
2062 2028 2101 2064 el

229 2096 461 2135 ‚llarlinum
497 2094 724 2148 plebanum
766 2095 818 2134 de
855 2094 1048 2136 Rolzalec
1099 2106 1227 2146 super
1270 2093 1445 2133 decimis
1485 2096 1524 2131 el
1548 2092 1724 2145 Juribus
1762 2093 2095 2145 parochialibus.

619 2165 690 2204 De.
723 2165 764 2203 in
799 2159 998 2204 Modkice
1031 2165 1076 2203 in
1104 2164 1215 2216 festo
1248 2162 1284 2201 b.
1318 2162 1521 2213 mathiae,
1563 2161 1714 2202 1228.
1885 2156 1888 2157 ⁷

358 2233 532 2295 Notum
573 2249 672 2293 esse
704 2254 892 2294 uolumus
925 2254 1152 2293 vuiuersis.
1193 2252 1301 2304 quod
1335 2263 1413 2291 nos
1453 2252 1667 2292 Robertus
1708 2252 1775 2291 dei
1815 2253 1959 2306 gratia
1994 2251 2097 2292 Olo-

229 2323 438 2361 mucensis
492 2323 745 2373 Episcopus.
796 2323 1025 2362 Martinum
1074 2322 1292 2373 plebanum
1339 2320 1390 2360 de
1445 2320 1664 2361 Robother
1713 2333 1786 2372 pro
1834 2333 1967 2360 causa
2015 2331 2097 2372 que

228 2391 474 2430 uertebatur
506 2391 614 2430 inter
647 2393 777 2442 ipsum
805 2396 846 2431 et
879 2392 1068 2431 dilectum
1102 2389 1221 2429 filium
1247 2394 1432 2429 nostrum
1464 2390 1674 2429 Abbatem
1702 2391 1754 2429 de
1786 2389 1941 2431 Lucha
1966 2400 2097 2440 super

230 2460 400 2499 decimis
427 2463 469 2499 et
495 2459 739 2511 quibusdam
765 2460 921 2498 iuribus
950 2459 1261 2511 parochialibus
1288 2460 1328 2497 in
1355 2459 1464 2497 villis
1488 2458 1688 2498 videlicet
1705 2459 1904 2499 daz-oute.
1923 2457 2095 2498 Zlubiz.

228 2529 446 2569 Mazouiz.
478 2528 732 2568 Branzodiz
763 2527 1010 2581 frequenter
1048 2529 1102 2569 ad
1134 2528 1389 2579 presentiam
1428 2531 1611 2567 nostram
1644 2527 1873 2566 citauimus.
1913 2527 1980 2578 qui
2014 2526 2097 2566 ali-

1674 2592 1785 2635 24¹2ss
