2212 2876
1048 102 1149 144 183

161 256 372 285 numerum
397 245 666 297 quantitatem
692 256 803 286 none
829 246 1008 287 taberne
1034 258 1190 287 census
1223 246 1438 287 reddatur.
1484 246 1685 287 Ecclesie
1714 245 2034 302 Stragowiensi

162 314 301 354 villam
344 314 557 356 Coberici.
597 315 798 355 Ecclesie
845 314 1099 357 Sedlecensi
1140 316 1361 357 Sesemici.
1407 316 1610 356 Krastno.
1647 316 1829 356 Prelozi.
1871 316 2032 356 Zmine.

160 382 378 424 Sororinis
418 385 520 423 meis
561 384 723 424 duabus
763 382 969 424 waemie
1013 390 1054 425 et
1094 385 1330 426 Swatohne
1370 385 1412 424 in
1450 385 1663 425 Morauia.
1702 385 1951 425 Drunowici
1992 388 2034 425 et

160 452 337 492 Ratsici.
384 452 589 494 Sororino
637 457 782 492 nostro
828 454 974 493 Benes
1019 454 1160 494 villam
1215 452 1444 495 Cladorub.
1497 454 1726 494 Kocasice.
1772 454 2033 494 Domaslaw.

160 521 404 562 Hermanno
439 523 643 562 seruienti
675 522 839 562 Zadub.
872 517 1065 563 Marsoni
1106 525 1349 563 KrasiCOW.
1387 523 1587 563 Mirkow.
1628 524 1845 576 Miquarto
1889 522 2032 564 Coco-

161 594 259 630 tow.
308 592 453 631 Blasio
514 592 698 631 Polsice.
754 591 979 645 WVogslao
1038 596 1080 632 et
1126 593 1349 647 Boguslao
1398 593 1679 632 Bezdruzice.
1736 593 1944 633 Pribislao
1993 596 2035 633 et

160 659 392 700 Wladorio
426 660 643 715 l’odgore.
684 660 898 715 Bodiwog
931 661 1050 701 Tim.
1090 663 1309 701 Jarosowi
1348 663 1533 702 Jabloni.
1573 662 1772 702 Miloslao
1813 661 2033 701 Welebu-

160 730 255 769 dici.
295 731 474 770 Detriko
515 729 749 772 Slatinicci.
791 730 892 769 Item
942 731 1155 782 Miquarto
1197 730 1463 770 Nenkowici.
1503 731 1739 771 Predborio
1781 731 2031 771 Nascalsce.

160 799 304 840 Blasio
337 800 478 854 clienti
503 799 748 855 Nauisocei.
782 800 963 839 Klimete
992 799 1282 840 Scrrihlebee.
1318 800 1505 840 Zezeme
1539 804 1581 840 et
1604 801 1753 840 Milote
1787 798 1906 840 fratri
1939 801 2031 839 eius

161 869 324 908 Hocen.
361 855 583 908 &Viz're‘ce
625 869 682 907 ita
714 872 758 907 ut
798 868 933 907 diuiso
974 880 1144 908 nemore
1178 880 1269 908 cum
1311 869 1616 920 sepulchrariis
1650 868 1807 908 saciant
1838 869 1920 908 sibi
1953 881 2031 908 110-

158 938 283 977 ualia.
324 939 520 978 Nacasso
563 937 754 991 Nalgote
795 941 836 977 et
878 948 1035 977 nemuS.
1085 938 1353 978 Nalubhane.
1396 939 1582 979 Johanni
1625 939 1829 978 Vmostka
1870 938 2031 978 Oslowi

162 1007 368 1048 Wlocoti.
403 1007 576 1048 Olesna.
617 1007 808 1058 Voyslao
842 1006 1026 1061 Vgerci.
1069 1006 1266 1048 Conrado
1301 1008 1461 1048 Goreni
1494 1008 1781 1059 Napronowe.
1845 1008 1901 1047 Et
1933 1008 2030 1058 quia

161 1078 334 1117 omnium
366 1076 528 1116 habere
561 1077 795 1116 memoriam
829 1077 975 1127 pocius
1010 1080 1075 1116 est
1108 1077 1336 1116 diuinitatis
1365 1088 1485 1129 quam
1518 1077 1783 1117 humanitatis
1817 1080 1860 1116 ut
1892 1076 2030 1116 ultime

156 1146 381 1186 uoluntatis
422 1158 512 1186 mee
547 1147 774 1197 disposicio
815 1150 1061 1197 perpetuum
1095 1147 1224 1186 robur
1264 1146 1451 1186 obtineat
1483 1145 1696 1186 firmitatis.
1739 1148 2030 1185 testamentum

156 1226 287 1255 meum
321 1214 404 1256 feci
446 1217 486 1255 in
520 1216 691 1266 scriptis
734 1215 902 1269 redegi.
936 1214 1099 1255 faciens
1140 1215 1237 1254 illud
1279 1217 1359 1255 mei
1382 1207 1546 1277 'sigilli’
1565 1217 1783 1256 munimine
1825 1214 2029 1254 roborari.

158 1285 378 1325 Dominum
411 1286 544 1325 eciam
578 1285 756 1324 electum
790 1285 1059 1339 Pragensem
1100 1285 1269 1338 rogaui.
1305 1270 1800 1338 ut'suum'appenderet
1831 1284 2027 1338 sigillum.

156 1353 314 1394 'restes
355 1359 492 1394 autem
532 1355 602 1406 qui
643 1355 788 1408 rogati
837 1366 862 1394 a
900 1365 963 1394 me
1005 1355 1045 1393 in
1085 1354 1368 1405 disposicione
1408 1339 1532 1394 1111ῐῆ8
1567 1349 1672 1394 ⁴facti
1712 1353 1892 1394 suerunt.
1932 1356 2029 1392 sunt

155 1423 236 1463 isti.
271 1424 472 1463 Dominus
512 1423 726 1463 Martinus
759 1423 998 1474 prepositus
1031 1422 1250 1464 Sacensis.
1292 1422 1489 1464 Clemens
1529 1424 1854 1464 archidiaconus
1896 1422 2027 1462 Bole-

157 1492 414 1532 zlawiensis.
459 1493 662 1532 Dominus
702 1492 949 1531 Bel-hardus
982 1492 1329 1543 Subdssaconus]
1363 1494 1479 1533 curie
1522 1494 1724 1532 Romane.
1769 1493 2024 1547 pragenses

155 1563 360 1601 canonici.
395 1560 619 1603 Conradus
652 1561 804 1601 Abbas
845 1561 897 1601 de
932 1560 1124 1613 Opatow.
1156 1562 1306 1601 Abbas
1350 1563 1402 1602 de
1437 1562 1590 1603 Ossek.
1625 1563 1775 1602 Abbas
1810 1562 1862 1601 de
1895 1560 2026 1601 Mile-

156 1630 263 1669 wsk.
296 1631 447 1670 Abbas
482 1631 533 1670 de
574 1630 744 1672 Sedlec.
779 1631 998 1670 Hroznata
1043 1642 1183 1670 comes
1217 1631 1270 1670 de
1310 1631 1549 1671 Podebrad.
1591 1632 1850 1686 Boguslaus.
1884 1628 2025 1669 Vnka.

156 1697 292 1739 wok.
340 1700 554 1740 Matheus.
596 1698 826 1740 Castolow.
876 1700 1104 1739 Hem-icus.
1146 1700 1346 1741 Zezema.
1396 1702 1559 1742 Milota.
1599 1701 1827 1755 Stognew.
1867 1700 2024 1739 Benes.

154 1768 356 1808 Nicolaus
407 1769 745 1808 archidiaconus.
792 1769 1017 1823 Vogslans
1066 1771 1259 1809 canonici
1307 1771 1576 1825 Pragenses.
1645 1771 1771 1810 Anno
1821 1769 2025 1809 dominice

154 1838 466 1877 incarnacionis
499 1838 723 1878 Millesimo
758 1839 945 1878 XXVII.
986 1837 1098 1878 sacta
1131 1844 1227 1878 sunt
1260 1840 1339 1879 hec
1381 1845 1423 1880 et
1455 1838 1710 1880 confirmata.
1742 1840 1848 1879 hora
1880 1838 2024 1889 prima.

464 1916 517 1948 Ex
555 1917 753 1959 originali
792 1917 829 1961 in]
861 1927 889 1949 c.
920 1928 945 1949 r.
981 1918 1180 1949 bibliotheca
1213 1918 1385 1961 Pragensi.
1421 1937 1463 1942 —
1497 1918 1665 1951 Excusum
1701 1919 1917 1950 incorrectius
1948 1914 2025 1947 dedi

568 1969 730 2000 Dobner
754 1969 968 2001 Monumenta
991 1970 1050 2002 lV.
1076 1980 1151 2012 pag.
1176 1968 1266 2001 259.

966 2101 1213 2144 CLXXIX.

155 2171 384 2225 malem-us,
416 2175 488 2227 qui
529 2178 567 2214 et
598 2174 811 2229 PJ-emysl,
855 2177 1061 2217 Boemiae
1098 2189 1195 2229 rem,
1228 2177 1377 2229 Petro,
1418 2178 1575 2217 rectori
1610 2178 1860 2230 provinciae
1895 2177 2022 2217 Bico-

152 2243 320 2293 wensz‘s‚
354 2243 559 2282 civitatem
593 2243 798 2285 Gtmme'ce
838 2246 936 2285 dum
971 2249 1244 2297 construeret,
1286 2246 1359 2285 dal
1389 2246 1599 2286 licenciam
1631 2246 1841 2286 vendendi
1871 2259 2022 2286 monu-

153 2312 282 2351 sterio
303 2312 496 2365 Lucensi
520 2314 741 2353 circuitum
765 2308 965 2368 Lowefjn
993 2328 1085 2354 cum
1121 2316 1246 2354 cerlis
1272 2316 1362 2355 suis
1395 2315 1664 2356 libertatibus.
1714 2317 1805 2356 Act.
1830 2317 2021 2368 Prayae,

320 2379 325 2384 ’
1014 2384 1166 2425 1227.

281 2438 340 2500 In
374 2458 564 2498 Nomine.
596 2459 760 2501 Sancte
794 2464 835 2501 et
868 2461 1080 2502 indiuidue
1113 2462 1344 2503 Trinitatis.
1385 2463 1534 2502 Amen.
1599 2462 1838 2503 Ottacarus.
1880 2463 1947 2515 qui
1981 2466 2023 2503 et

152 2525 331 2567 Premizl
364 2527 431 2567 dei
465 2529 616 2583 gracia
650 2530 821 2569 Boemie
855 2531 965 2570 Rex.
1029 2531 1238 2572 Volentes
1277 2532 1393 2572 immo
1427 2530 1595 2572 firmiter
1634 2533 1934 2584 precipientes.
1969 2543 2021 2572 ea
