2212 2876
1058 88 1127 128 :34

1133 89 1165 149 ϊῦ

172 230 452 274 Necolaleffced)
487 245 577 272 cum
610 232 698 271 suis
732 231 922 282 apendiis
957 235 998 269 et
1024 230 1208 270 decimis.
1258 231 1494 270 Ecclesiam
1529 231 1580 270 de
1615 224 1900 271 'linaei-0200)
1931 244 2050 284 quam

173 304 224 343 ob
259 303 530 342 deuociouem
567 301 698 340 eidem
734 301 917 339 claustro
951 300 1115 338 nobiles
1149 301 1243 339 viri.
1278 300 1465 339 dominus
1509 301 1751 351 Woyzlaus
1790 309 1831 340 et
1865 301 2051 341 dominus

174 372 370 411 Dirslaus
415 375 457 410 et
489 371 678 409 domiuus
705 365 966 410 Czasia11s.f)
1002 368 1268 408 contulerunt
1309 381 1398 407 cum
1440 370 1528 408 suis
1569 369 1762 420 apendiis
1805 373 1847 408 et
1880 370 2051 409 dicimis.

174 438 426 481 Confirmaui
452 440 573 478 etiam
596 441 821 477 memorato
855 438 1040 476 claustro
1069 438 1267 477 decimum
1299 438 1512 477 denarium
1548 438 1599 477 de
1633 439 1790 477 iudicio
1817 450 1892 489 per
1924 443 2050 478 totum

175 510 389 548 circuitum
430 509 470 547 in
505 507 782 546 Dubrawnik.
826 510 867 545 et
901 517 1044 545 omnes
1085 507 1298 546 ecclesias
1337 518 1418 558 que
1452 512 1548 546 sunt
1591 508 1630 546 in
1673 508 1821 546 eodem
1861 509 2049 547 circuitu.

173 579 267 617 Hoc
309 581 375 616 est
409 577 632 616 ecclesiam
673 577 712 614 in
747 576 958 627 Bystrz‘ce.
1002 587 1091 615 cum
1133 577 1223 615 suis
1264 575 1485 626 appendiis
1526 581 1568 615 et
1608 576 1780 615 dicimis.
1823 580 1865 616 et
1905 589 2047 616 omnes

173 647 385 687 ecclesias
429 656 509 697 que
549 649 646 684 sunt
690 643 898 684 edificate.
943 644 1011 683 uel
1053 645 1191 683 adhuc
1232 644 1538 684 edificabuntur
1587 646 1625 684 in
1669 646 1815 684 eodem
1863 646 2050 685 circuitu.

174 714 427 757 Confirmaui
445 715 620 766 insuper
643 714 776 753 eidem
794 714 991 753 claustro.
1017 714 1202 753 decimas
1220 714 1272 753 de
1300 714 1461 753 duabus
1488 715 1670 753 araturis
1696 716 1737 753 in
1756 714 1997 766 Clmdcycz.
2018 711 2050 743 a)

172 785 289 825 Pium
323 786 428 823 enim
463 788 529 823 est
569 787 611 823 et
644 783 900 822 condecens.
937 786 981 822 vt
1024 783 1122 822 dicti
1156 783 1400 837 regulares,
1442 784 1510 834 qui
1544 784 1741 824 continue
1782 784 1861 823 deo
1897 783 2050 823 deser-

172 855 288 894 uiunt
319 855 361 892 in
393 853 470 892 iam
504 853 613 892 dicto
647 853 914 892 monasterio.
949 856 990 891 et
1023 851 1186 891 domiue
1220 852 1370 891 ibidem
1404 853 1585 891 recluse.
1619 863 1676 891 *eo
1711 852 1819 904 quod
1853 853 1933 891 sibi
1967 865 2048 892 uon

172 926 350 975 possunt
390 922 442 961 ob
484 933 617 961 sexus
657 920 930 975 fragilitatem
976 921 1088 960 bene
1128 921 1366 971 prouidere.
1416 933 1491 972 per
1531 921 1733 960 dictarum
1773 922 2049 962 ecclesiarum

173 988 425 1042 superfluum
466 994 710 1041 prouentum
743 989 1030 1029 subleuentur.
1093 991 1188 1029 Hoc
1230 994 1368 1028 tamen
1401 990 1535 1029 saluo.
1578 995 1623 1030 vt
1657 991 1892 1042 quicunque
1925 988 2050 1030 suerit

171 1061 410 1112 prepositus
436 1059 606 1098 claustri
634 1059 858 1097 memorati.
892 1059 954 1097 810
979 1062 1175 1098 teneatur
1202 1058 1426 1108 prouidere
1465 1060 1638 1098 vicariis
1673 1059 1871 1098 dictarum
1904 1060 2048 1099 eccle-

172 1130 338 1169 siarum.
382 1132 427 1167 vt
466 1128 643 1167 honeste
691 1131 733 1167 et
772 1129 866 1166 sine
907 1125 1074 1166 defectu
1119 1128 1283 1178 possint
1336 1128 1506 1167 easdem
1550 1129 1760 1167 ecclesias
1802 1140 2046 1179 procurare.

169 1197 280 1237 Volo
315 1198 447 1236 eciam
490 1200 531 1236 et
564 1200 716 1236 statuo.
750 1199 796 1236 vt
828 1198 926 1235 ante
966 1195 1066 1235 dicti
1100 1197 1292 1236 canonici
1339 1197 1583 1250 regulares.
1618 1201 1659 1236 et
1693 1197 1854 1236 domine
1889 1197 2046 1237 eisdem

168 1267 250 1307 loci
283 1268 325 1306 in
357 1265 636 1306 Dubrawnik.
678 1276 755 1304 suo
788 1267 1004 1316 preposito
1038 1263 1318 1317 profiteantur
1351 1269 1393 1305 et
1427 1265 1624 1304 obediant
1656 1266 1697 1304 in
1731 1265 1811 1304 11118
1845 1266 2046 1305 omnibus.

171 1347 252 1388 que
291 1347 375 1374 non
415 1335 762 1374 sunt-contraria
803 1335 951 1373 anime.
993 1338 1035 1373 et
1076 1335 1230 1389 regule
1272 1346 1429 1373 earum.
1493 1335 1653 1373 Verum
1694 1346 1747 1373 ne
1794 1346 1924 1385 super
1965 1335 2045 1374 hac

169 1402 490 1444 confirmacione
533 1403 858 1443 successoribus
901 1404 1004 1442 meis
1036 1403 1105 1443 uel
1145 1404 1399 1456 quibuslibet
1430 1404 1523 1443 aliis
1566 1403 1883 1443 contradicendi
1925 1404 2046 1444 detur

170 1474 382 1514 occassio.
426 1476 666 1524 presentem
714 1473 914 1526 paginam
962 1472 1195 1512 nominibus
1245 1474 1423 1512 testium.
1473 1473 1541 1524 qui
1590 1473 1685 1512 huic
1737 1471 2044 1513 confirmacioni

169 1540 459 1583 interfuerant.
494 1545 535 1581 et
567 1541 805 1595 sigillorum
836 1541 1078 1581 karactere.
1113 1543 1191 1580 mei
1222 1541 1422 1581 videlicet
1455 1545 1498 1580 et
1522 1541 1708 1581 ecclesie
1742 1542 2046 1593 perpetualiter

168 1610 468 1652 confirmamus.
518 1611 826 1662 Relinquentes
860 1611 901 1650 111
925 1610 1144 1650 mandatis.
1171 1610 1280 1662 quod
1314 1612 1349 1650 si
1382 1612 1474 1662 quis
1507 1610 1589 1649 hoc
1623 1608 1775 1650 sactum
1801 1609 2043 1665 infregerit.

170 1681 394 1720 anathema
417 1681 483 1719 sit.
525 1679 713 1719 Testium
737 1683 874 1719 autem
898 1681 1061 1719 nomina
1086 1684 1183 1719 sunt
1206 1680 1300 1720 hec.
1325 1680 1518 1720 ‚loannes
1544 1679 1835 1720 Olomucensis
1859 1680 2044 1720 ecclesie

168 1750 372 1790 decanus.
412 1749 680 1789 'rheodricus
724 1748 1015 1788 olomucensis
1056 1749 1242 1788 ecclesie
1285 1750 1536 1800 prepositus.
1577 1749 1822 1788 Radozlaus
1857 1750 2043 1789 eiusdem

169 1820 353 1859 ecclesie
387 1818 741 1870 archidyaconus.
767 1818 886 1857 Esau
918 1819 1149 1857 canonicus
1175 1818 1360 1857 eiusdem
1396 1818 1582 1857 ecclesie
1617 1822 1660 1858 et
1692 1818 2043 1869 archipresbyter

167 1888 480 1928 Prerowiensis
505 1888 735 1938 prouincie.
783 1887 865 1926 Hic
891 1889 1014 1926 etiam
1038 1890 1187 1926 testem
1220 1887 1409 1926 adhibuit
1432 1886 1633 1926 dominum
1661 1886 1878 1926 Nicolaum
1905 1899 2040 1926 cano-

168 1957 303 1996 nicum
336 1957 522 1996 eiusdem
556 1957 754 1996 ecclesie.
784 1957 902 1995 cuius
936 1957 1029 2006 ipse
1053 1957 1174 1996 vices
1207 1960 1307 1996 tunc
1338 1956 1537 2007 temporis
1571 1957 1611 1994 111
1645 1956 1850 1995 absencia
1883 1958 2041 2010 gessit.

169 2026 349 2076 Moyses
389 2026 714 2065 archidiaconus
758 2025 1116 2064 Brecislauiensis
1159 2026 1387 2077 prouincie.
1427 2025 1610 2064 Alexius
1651 2026 1896 2064 canonicus.
1938 2026 2041 2065 Ma-

169 2095 310 2148 gister
330 2094 571 2149 Gregorius
591 2095 834 2134 canonicus.
852 2095 1064 2134 Heni-icus
1082 2095 1325 2134 canonicus.
1348 2094 1503 2133 Blasco
1523 2095 1766 2133 canonicus.
1789 2093 2040 2134 Gerhardus

171 2165 414 2203 canonicus.
442 2162 682 2203 Bonisacius
708 2165 842 2203 abbas
865 2163 917 2203 de
943 2163 1165 2204 Gradiscz.
1189 2159 1502 2203 Hei-mannush)
1532 2163 1666 2202 abbas
1696 2163 1748 2201 de
1774 2162 2039 2216 XVelegrad.

171 2230 399 2272 Ditricusff)
433 2233 566 2272 abbas
607 2233 1027 2272 Zaberdowicensis.
1076 2233 1300 2275 Florianus
1340 2232 1475 2271 abbas
1516 2232 1568 2271 de
1608 2231 1742 2271 Luca.
1789 2231 2039 2270 Ambrosius

172 2303 410 2354 prepositus
444 2302 496 2342 de
529 2298 755 2342 Cuniczss]
806 2302 870 2342 011
904 2303 1138 2342 memoriam
1170 2300 1293 2342 buius
1320 2299 1417 2340 sacti
1451 2305 1603 2354 statuo7
1635 2304 1678 2340 vt
1711 2301 1957 2352 quicumque
1985 2299 2039 2339 ad

242 2526 272 2557 d]
293 2527 455 2556 Nu-ioiuiim-J,
477 2526 506 2557 c]
529 2527 669 2550 t'ucerou:
694 2527 718 2557 Γ)
742 2526 870 2556 Roriam-3
891 2526 923 2558 gg)
944 2526 1083 2553 fiunti-ivm
1106 2526 1136 2558 li]
1158 2526 1347 2555 llurtniannus3
1368 2524 1390 2555 i)
1412 2524 1567 2556 Dyctrirusz
1587 2523 1621 2555 k)
1644 2523 1773 2553 clinnum
