2212 2876
1020 44 1115 85 151

970 185 1172 229 CXLIX.

134 281 412 333 Laurentius,
446 282 670 334 episcopus
711 281 1089 335 Wratislarz'ensis,
1122 284 1377 323 monasterio
1410 284 1455 323 in
1487 282 1660 337 Rybnjk
1691 284 1878 325 decimas
1908 285 2010 338 plu-

223 351 336 390 rium
364 362 574 403 pagorum
608 352 652 390 in
685 351 955 391 castellatura
991 350 1214 404 Pes-Jnensi
1247 354 1423 406 confert,
1464 354 1656 406 aliasque
1687 355 1919 408 confirmat.

527 421 620 461 Act.
661 421 964 460 W’rah‘slaviae
1002 420 1126 461 ῐἹΙΙ.
1159 422 1262 461 Kal.
1297 423 1435 475 durtii,
1478 422 1630 463 1223.

264 513 324 574 In
358 534 522 573 nomine
555 536 704 573 sancte
739 536 780 573 et
813 533 1026 573 indiuidue
1059 535 1268 574 trinitatis.
1324 534 1415 575 Nos
1449 535 1707 576 Laurentius
1742 537 2011 576 miseratione

136 601 276 641 diuina
300 602 680 642 VVratislauiensis
714 603 940 654 episcopus
975 607 1110 642 notum
1140 601 1313 644 facimus
1347 605 1617 656 presentibus
1651 609 1692 645 et
1716 604 1867 646 futuris
1901 605 2009 658 quod

137 681 229 711 cum
266 673 468 711 communi
515 683 731 712 consensu
772 672 941 723 capituli
989 672 1371 713 Wratislauiensis
1414 674 1467 713 ad
1517 674 1718 714 honorem
1766 675 1835 715 dei
1876 679 1918 714 et
1957 674 2009 714 ad

138 742 487 781 sustentationem
534 741 909 781 sanctimonialium
951 742 1137 782 ecclesie
1178 754 1212 781 s.
1252 741 1489 783 Saluatoris
1529 745 1571 784 in
1610 744 1768 786 Ribnik
1807 745 1859 784 ad
1902 745 2010 796 peti·-

133 810 286 850 tionem
324 810 551 850 reuerendi
595 811 798 862 principis
839 814 881 849 et
920 811 1115 850 catholici
1156 812 1307 851 domini
1348 810 1544 852 Casimiri
1584 813 1757 853 illustris
1798 813 1917 853 ducis
1958 813 2010 853 de

135 879 281 932 Oppol.
316 880 460 919 damus
494 884 537 920 et
560 879 831 920 concedimus
858 880 1044 919 ecclesie
1077 892 1111 919 s.
1138 880 1376 921 Saluatoris
1410 882 1451 921 in
1484 881 1641 922 Ribnik
1666 882 1852 922 decimas
1887 883 2011 923 villa-

134 961 223 989 rum
271 950 311 989 in
351 950 624 989 castellatura
672 949 725 988 de
769 949 935 1002 was-sin,
985 960 1066 1001 que
1108 953 1205 989 sunt
1251 950 1483 1005 Bolesouo,
1542 951 1666 991 Vizla
1707 951 2010 1006 Aschrichz'no,

133 1018 388 1059 Zamnes-0122·
419 1019 666 1070 Naqeruicae',
707 1017 967 1060 Suenchiezi
998 1018 1074 1058 sub
1106 1019 1273 1059 urbium
1313 1021 1485 1060 Zasere
1526 1019 1807 1075 Cleehenuye,
1857 1021 2010 1062 Rade-

131 1088 280 1139 uisque
317 1087 476 1127 Punzo
516 1087 760 1127 Beleniezo.
803 1087 1034 1139 quozona
1074 1089 1254 1128 Nouoza
1296 1089 1336 1128 in
1375 1093 1623 1141 perpetuum
1663 1090 1898 1130 habendas.
1962 1092 2010 1130 ln

132 1156 304 1197 decimis
329 1158 463 1211 etiam,
498 1168 579 1210 que
606 1158 647 1197 in
680 1157 901 1197 noualibus
928 1157 1190 1197 desertorum
1216 1158 1404 1199 eiusdem
1430 1160 1703 1200 castellature
1728 1171 2010 1200 succrescere

132 1230 341 1281 poterunt,
390 1238 481 1265 cum
529 1227 626 1266 dicti
676 1227 845 1278 capituli
891 1227 1271 1268 xvi-atislauiensis
1320 1239 1535 1269 consensu
1584 1230 1774 1280 predicte
1825 1229 2011 1269 ecclesie

132 1307 168 1336 s.
201 1295 441 1336 Saluatoris
474 1296 515 1335 in
541 1297 699 1337 Ribnik
732 1296 877 1336 damus
911 1300 953 1336 et
986 1298 1254 1337 concedimus
1280 1298 1557 1339 medietatem.
1605 1299 1653 1339 In
1687 1299 1839 1339 ambitu
1874 1302 2011 1338 autem

132 1365 186 1405 de
218 1365 397 1405 Estaudi
430 1376 520 1404 cum
554 1365 718 1405 duabus
758 1364 869 1405 villis
903 1365 1195 1406 adiacentibus
1235 1367 1414 1407 Rachou
1448 1369 1506 1408 ἐφ’
1522 1367 1686 1408 Lichan
1727 1368 1832 1408 duas
1866 1372 2010 1420 partes

133 1433 383 1474 decimarum
418 1434 551 1474 eidem
585 1435 771 1474 ecclesie
804 1447 838 1474 s.
864 1435 1102 1476 Saluatoris
1136 1437 1177 1475 in
1204 1436 1361 1476 Ribnik
1394 1448 1485 1479 cum
1519 1436 1669 1489 prefati
1703 1438 1872 1490 capituli
1904 1449 2010 1477 con-

132 1514 264 1543 sensu
297 1503 442 1543 damus
483 1507 525 1543 et
559 1503 842 1544 concedimus.
906 1504 1107 1544 Decimas
1148 1516 1253 1546 vero
1293 1517 1398 1558 quas
1441 1507 1727 1558 predecessor
1758 1511 1903 1547 noster
1941 1508 2010 1559 pie

133 1574 330 1613 memorie
362 1572 416 1612 l).
443 1573 680 1624 Zyroslaus
712 1573 917 1626 quondam
943 1574 1321 1614 xvi-atislauiensis
1345 1576 1574 1628 episcopus
1598 1577 1782 1616 ecclesie
1808 1588 1842 1616 s.
1867 1576 2009 1617 Marie

134 1643 319 1697 virginis
353 1643 393 1681 in
428 1642 586 1681 Ribnik
618 1643 660 1682 in
692 1643 825 1695 ipsius
859 1643 1045 1683 ecclesie
1079 1645 1404 1685 consecratione
1446 1646 1619 1685 contulit
1651 1658 1741 1686 cum
1774 1657 1878 1698 sepe
1912 1646 2010 1686 dicti

134 1712 302 1764 capituli
343 1711 730 1752 xvratislauiensis
779 1724 976 1764 assensu,
1026 1713 1161 1753 eidem
1211 1714 1397 1754 ecclesie
1444 1713 1744 1755 confirmamus.
1808 1716 2008 1755 Decimas

132 1781 332 1821 videlicet
356 1782 487 1833 ipsius
522 1782 619 1821 ville
643 1781 812 1836 Ribnik⁷
838 1782 1024 1835 Smolna,
1052 1782 1225 1837 Zalese7
1248 1784 1484 1839 Knegnici⁷
1513 1796 1635 1836 quam
1658 1785 1836 1824 ultimam
1869 1786 2008 1825 villam

134 1851 296 1903 recepit
335 1851 522 1890 ecclesia
566 1852 617 1891 de
661 1851 819 1891 Ribnik
858 1851 910 1891 ab
954 1852 1140 1891 ecclesia
1181 1853 1234 1892 de
1277 1853 1367 1892 sale
1402 1854 1442 1892 in
1482 1854 1766 1893 concambium
1800 1866 1874 1905 pro
1908 1855 2008 1894 villa

133 1920 347 1960 Bolconis.
411 1921 466 1960 Et
499 1932 552 1960 ne
587 1922 628 1960 in
660 1921 807 1961 liberis
841 1921 1012 1961 decimis
1053 1933 1158 1973 quas
1191 1934 1295 1973 sepe
1340 1922 1449 1962 dicte
1483 1924 1669 1962 ecclesie
1702 1935 1736 1962 s.
1771 1923 2007 1963 Saluatoris

134 1990 174 2028 in
214 1989 371 2028 Ribnik
414 1990 577 2041 quidam
617 1990 766 2030 milites
808 1990 861 2031 de
900 1991 1118 2031 voluntate
1159 1993 1328 2043 propria
1368 1992 1648 2046 contulerunt,
1686 1993 1777 2043 ipsa
1821 1993 2006 2033 ecclesia

130 2069 299 2110 quoquo
345 2058 464 2098 modo
506 2057 746 2100 defraudari
796 2060 943 2114 possit,
986 2061 1102 2112 ipsas
1143 2061 1275 2101 eidem
1327 2061 1513 2101 ecclesie
1554 2073 1645 2101 cum
1694 2074 1824 2113 supra
1864 2066 2006 2102 notato

133 2138 318 2167 assensu
350 2126 596 2168 confirmare
629 2128 802 2183 dignum
828 2129 1029 2185 ducimus,
1063 2130 1248 2169 decimas
1281 2130 1478 2169 videlicet
1510 2130 1727 2171 Vincentii
1765 2135 1806 2171 et
1837 2131 2008 2171 Przibi-

135 2196 229 2250 slai⁷
272 2193 458 2250 Crisani,
499 2203 541 2236 et
579 2197 760 2237 Joannis
807 2198 1016 2252 Bassomi,
1056 2203 1099 2238 et
1139 2199 1319 2252 Alberti‚
1360 2199 1611 2255 Alexandri,
1660 2204 1702 2240 et
1735 2201 2007 2254 Zeteszonis,

134 2265 351 2304 Vincentii
385 2268 427 2304 et
458 2263 631 2305 fratrum
672 2268 764 2306 eius
797 2266 1039 2308 Suentossii
1073 2271 1116 2308 et
1155 2268 1396 2323 MichaeliS,
1433 2269 1664 2324 Eustachii,
1705 2274 1746 2310 et
1779 2271 1847 2310 W
1850 2270 2005 2325 isimiri⁷

133 2333 356 2388 W'iteslai7
389 2337 430 2374 et
461 2334 683 2390 Primislai,
717 2336 966 2377 donationes
999 2338 1201 2389 siquidem
1236 2338 1367 2388 ipsius
1407 2350 1480 2393 gs.
1544 2338 1678 2378 Ducis
1719 2341 2005 2390 prenominate

134 2403 321 2442 ecclesie
361 2415 395 2442 s.
429 2403 665 2445 Saluatoris
698 2407 738 2445 in
772 2406 926 2446 Ribnik
966 2407 1177 2446 liberrime
1211 2407 1393 2447 contulit.
1458 2408 1568 2448 Huic
1607 2413 1753 2448 vestre
1794 2409 2005 2448 donationi

134 2471 188 2511 ad
230 2473 467 2512 memoriale
506 2475 801 2525 sempiternum
842 2476 1016 2530 dignum
1056 2476 1246 2516 duximus
1288 2474 1564 2532 interserere,
1604 2489 1686 2530 que
1724 2482 1833 2531 sunt,
1875 2479 2004 2529 ipsum
