2212 2876
1007 113 1263 175 „QL-

952 170 1006 181 ...—

176 257 364 309 presenti
393 257 532 296 littere
557 257 797 296 inserentes
825 257 956 296 nostri
981 256 1112 311 sigilli
1137 257 1399 308 appensione
1426 255 1723 306 imperpetuum
1749 252 2050 296 confirmamus.

176 327 245 366 Hii
271 330 368 366 sunt
392 330 542 366 testes.
572 326 747 366 Wocco
782 325 1075 365 olomucensis
1100 327 1372 365 camerarius.
1402 324 1652 366 semizlaus.
1676 324 1896 364 Priborius
1921 325 2049 365 iudex

177 394 481 436 Olomucensis.
514 395 708 435 Zlauata.
741 395 910 446 Zpitata
945 398 1174 434 venatores
1208 393 1526 434 olomucense&
1560 393 1741 433 WVokko
1775 394 2051 447 subcamera-v

175 465 277 503 rius.
311 463 430 516 Cyrh
464 462 722 515 subdapifer.
754 464 848 503 Idik
880 464 1177 515 subpincerna.
1212 463 1346 503 Bludo
1380 462 1485 502 filius
1518 462 1734 502 Bludonis.
1777 462 1911 502 Bludo
1945 461 2052 521 filius

176 532 373 574 Onsonis.
414 533 654 573 Bohuzlaus
694 531 799 572 filius
839 533 1083 572 Prothiuen.
1124 533 1302 572 Beneda
1340 533 1613 572 marscalcus.
1653 532 1843 572 Beneda.
1886 532 2052 573 usoina

175 601 242 642 filii
272 603 452 643 Woine.
486 602 732 644 Sudomirus
759 600 864 641 filius
897 602 1121 643 Sudomiri.
1156 602 1385 641 Pabianus.
1420 601 1586 641 Woina
1616 598 1683 640 filii
1711 601 1871 641 Luder.
1904 601 2050 642 Bocko

176 670 280 711 filius
310 671 507 713 Gerardi.
540 671 715 711 Nahrad
740 670 846 711 filius
873 672 1037 712 Weliz.
1073 671 1290 710 Zbizlaus.
1322 670 1518 709 Predbor
1541 668 1610 709 filii
1633 670 1832 710 Miloslai.
1856 670 2050 710 Ratibor.

175 740 399 781 'I'worimir
432 739 500 781 filii
533 741 738 781 Budizlai.
772 741 878 780 Bun.
911 740 1048 780 Jurik.
1082 741 1174 780 Buz
1208 738 1275 779 filii
1300 740 1493 779 Priborii.
1526 739 1711 779 Zauisse
1744 751 1876 791 nepos
1909 738 2050 781 Semi-

175 810 269 850 zlai.
309 811 438 850 Bose.
479 810 659 851 Bohuta.
701 810 964 850 Brecizlaus.
1005 809 1172 860 Neplah
1214 807 1281 847 filii
1321 808 1504 859 Neplah.
1537 807 1770 847 Vlastibor.
1815 808 1939 860 Gilye
1982 806 2050 848 filii

174 880 397 920 Jankonis.
424 880 619 920 Predbor
636 877 741 918 filius
760 880 963 918 Ratmirii.
991 877 1147 919 Cei-en.
1166 879 1339 918 Jacssa.
1366 877 1511 916 Luder
1529 875 1597 915 filii
1616 876 1810 928 Scripen.
1835 877 2050 917 Luczlaus

176 947 280 988 filius
314 949 542 988 Nedamiri.
577 952 619 988 et
651 949 719 987 alii
755 960 875 1000 quam
910 948 1064 999 plui-OS.
1124 948 1273 986 Datum
1307 948 1347 985 in
1382 946 1544 997 Znoym
1578 957 1655 996 per
1687 958 1831 986 manus
1863 946 2051 986 Bartho-

174 1018 293 1057 lomei
323 1019 462 1057 dilecti
491 1017 792 1069 prothonotarii
815 1018 947 1057 nostri
970 1028 1080 1056 anno
1107 1016 1310 1056 dominice
1332 1015 1645 1055 incarnacionis
1672 1015 1732 1055 Μ.
1753 1013 1842 1056 CC.
1862 1015 2049 1056 XXXII.

175 1098 319 1126 mense
353 1087 618 1126 Nouembris.

486 1194 778 1236 Apographum
803 1195 834 1225 in
860 1193 977 1225 codice
997 1194 1244 1236 privilegiorum
1264 1193 1440 1225 membran.
1459 1203 1491 1225 n.
1511 1192 1538 1226 1.
1559 1201 1630 1225 sec.
1651 1192 1745 1225 XIV.
1771 1192 1793 1226 f.
1814 1190 1879 1225 23.
1900 1194 1932 1225 in
1958 1194 2049 1226 arch.

590 1246 1044 1289 capituli.010mucensis.

1703 1301 1747 1322 ’Δ

1018 1422 1199 1466 CCXX.

179 1528 485 1567 Testamentum
528 1528 714 1580 Roberti‚
755 1529 945 1581 episcopi
986 1527 1296 1578 olomucensis,
1338 1528 1554 1568 continens
1583 1526 1877 1580 fundationem
1913 1540 2045 1580 prae-

275 1599 493 1650 positurae
528 1598 837 1650 olomucensis,
871 1599 1064 1649 aliasque
1100 1598 1197 1650 pias
1231 1596 1533 1637 ordinationes.
1575 1594 1624 1638 S.
1658 1596 1697 1635 d.
1731 1595 1944 1648 (1232.)

304 1691 364 1751 In
399 1710 561 1749 nomine
594 1713 744 1750 sancte
779 1714 821 1750 et
854 1710 1065 1750 indiuidue
1097 1710 1307 1750 trinitatis.
1369 1710 1472 1764 Ego
1506 1709 1723 1749 Robertus
1757 1708 2048 1750 olomucensis

175 1779 411 1831 episcopus.
477 1780 557 1833 Ea7
591 1790 672 1831 que
706 1779 862 1819 debent
894 1780 1056 1819 habere
1089 1777 1317 1819 firmitatem
1360 1783 1402 1819 et
1434 1779 1513 1818 rite
1546 1782 1644 1818 sunt
1677 1778 1870 1818 ordinata
1902 1780 2048 1819 merito

175 1847 330 1888 debent
362 1849 401 1887 in
429 1849 599 1899 scriptis
633 1847 790 1903 redigi,
815 1860 870 1888 ne
903 1851 1144 1901 cuiusquam
1169 1848 1324 1888 inuidia
1359 1846 1508 1888 fraude
1533 1848 1602 1888 uel
1636 1848 1843 1888 violencia
1875 1848 2050 1889 valeant

176 1918 392 1957 immutari.
456 1918 664 1957 Nouerint
703 1919 844 1970 itaque
877 1922 958 1958 tam
998 1923 1222 1970 presentes
1257 1930 1374 1969 quam
1415 1916 1554 1971 futuri,
1589 1917 1698 1969 quod
1735 1918 2050 1969 preposituram

175 1987 219 2026 in
258 1986 436 2027 olomuc
469 1987 733 2041 instituimus,
759 1989 823 2027 cui
849 1988 901 2028 ad
936 1986 1217 2027 reseccionem
1242 1985 1413 2027 fratrum
1437 1991 1525 2026 tres
1551 1987 1673 2026 villas
1707 1987 2048 2040 assignauimus:

175 2055 328 2109 villam7
363 2066 444 2107 que
477 2060 658 2095 vocatur
690 2056 805 2108 Dub,
838 2068 928 2096 cum
963 2056 1124 2096 duobus
1158 2057 1327 2096 aratris.
1361 2055 1583 2096 Dluliom’z
1616 2067 1707 2096 cum
1739 2059 1895 2095 aratro.
1932 2055 2048 2096 octe-

173 2123 297 2176 yriby
329 2135 419 2163 cum
444 2125 668 2176 aliquantis
696 2125 897 2165 alueariis
925 2138 1059 2179 apum,
1088 2125 1276 2165 redditus
1310 2125 1471 2177 capelle
1494 2124 1546 2164 de
1574 2124 1809 2166 Oromezir.
1842 2125 2049 2176 Exceptis

175 2192 268 2247 hiis,
303 2203 384 2245 que
418 2193 470 2232 ad
504 2194 770 2234 sacerdotem
803 2195 902 2234 inibi
927 2196 1182 2234 seruientem
1215 2193 1442 2234 secundum
1470 2194 1576 2246 quod
1612 2194 1841 2246 antiquitus
1874 2194 2048 2234 ordina-

175 2266 258 2301 tum
290 2259 365 2301 fuit
404 2262 684 2316 pertinebant,
718 2275 809 2303 cum
849 2264 942 2303 aliis
977 2263 1220 2315 quibusdam
1264 2263 1393 2302 rebus
1426 2263 1468 2302 in
1508 2262 1706 2304 Olomucz
1739 2262 1973 2304 molendino
2007 2267 2050 2303 et

176 2331 420 2383 quibusdam
453 2333 596 2371 curiis,
659 2332 906 2373 Addidimus
939 2334 1071 2373 eciam
1106 2334 1143 2372 61
1178 2332 1378 2372 decimam
1411 2333 1536 2373 vinee
1569 2343 1693 2388 110116,
1728 2344 1848 2385 quam
1881 2333 2048 2384 planta-

175 2402 307 2440 uimus
349 2401 390 2440 in
422 2400 647 2440 Pas-amir.
712 2400 901 2450 Quodam
942 2403 1074 2442 eciam
1114 2401 1273 2441 addidit
1312 2402 1350 2441 ei
1391 2413 1485 2456 rex,
1525 2396 1753 2441 secun'dum
1794 2401 1904 2454 quod
1943 2413 2048 2441 con-

175 2470 330 2510 tinetur
364 2471 404 2509 in
437 2470 664 2524 priuilegio
697 2472 835 2525 regis,
870 2473 910 2510 in
937 2482 1017 2523 quo
1051 2471 1225 2511 libertas
1253 2470 1544 2511 olomucensis
1578 2471 1764 2511 ecclesie
1797 2471 2047 2524 continetur,

177 2539 285 2592 quod
319 2539 506 2579 dominus
540 2551 649 2591 papa
683 2538 950 2580 confirmauit.
982 2541 1204 2580 ‘Ecclesic
1237 2541 1276 2580 in
1312 2537 1523 2580 Puslimir
1557 2538 1743 2580 dedimus
1777 2539 1829 2579 ad
1863 2544 2047 2580 aratrum

1666 2608 1729 2649 31
