2212 2876
970 73 1280 134 -Ξέἓψ-

189 223 231 258 et
265 218 508 271 Lambinus,
540 215 719 256 fratres:
754 216 807 255 de
842 215 960 255 domo
993 216 1312 269 teutonicorum7
1345 215 1627 255 Volkmarus:
1668 219 1709 255 et
1742 216 1888 255 iterum
1923 215 2062 255 Volk-

189 299 349 326 marus:
382 287 590 327 Mladota:
626 285 827 326 Gozwin:
861 286 1154 324 Hei-mannus:
1190 288 1231 323 et
1263 285 1330 324 alii
1366 296 1487 336 quain
1521 285 1677 335 plures.
1741 285 1798 326 Ut
1831 291 1965 325 autem
1993 315 2002 324 .
2022 314 2031 323 .
2052 315 2060 324 .

188 357 322 396 Facta
346 360 442 396 sunt
470 355 557 395 hec
577 366 686 394 anno
711 354 916 394 dominice
943 354 1246 393 incarnationis
1275 354 1337 394 M.
1362 352 1451 394 CC,
1477 354 1686 393 XXXIII.
1718 354 1949 394 Indictione
1983 354 2061 393 vl.

179 426 306 466 -an
339 425 439 466 Idus
472 424 708 464 Februarii.
772 424 924 463 Datum
958 423 1123 477 Frage,
1156 434 1234 475 per
1266 435 1427 462 manum
1460 423 1639 462 Arnoldi
1672 422 1927 462 cancellarii.

498 523 695 556 Millauer
717 542 760 546 —
784 522 903 555 ibidem
928 532 1006 565 pag.
1033 521 1097 555 94.

987 684 1288 743 ccxxvuj

217 795 456 849 Greyorius
496 810 612 850 papa
653 797 732 836 IX.
766 797 1023 836 monasterio
1065 796 1453 836 Daubrawnicensi
1492 795 1779 848 indalyenlias
1812 796 2030 847 elarqitur.

509 868 669 906 Datum
703 866 940 917 Ana‘qniae,
982 866 1079 906 VII.
1114 866 1340 906 Kalendas
1374 866 1538 917 Martii,
1577 865 1731 905 1233.

317 959 581 1033 Gregorius
615 979 843 1030 episcopus
877 989 1031 1018 seruus
1055 990 1275 1017 seruorum
1303 978 1383 1017 dei.
1434 978 1661 1017 Vniuersis
1687 976 1846 1019 Christi
1869 975 2062 1017 fidelibus

182 1059 261 1100 per
286 1047 606 1089 olomucensem
634 1047 833 1087 diocesim
858 1048 1108 1087 constitutis.
1135 1047 1324 1088 Salutem
1352 1050 1394 1087 et
1419 1048 1690 1099 apostolicam
1710 1047 2060 1087 benedictionem.

184 1117 391 1168 Qvoniam
430 1121 474 1158 ut
515 1118 572 1157 ait
611 1117 826 1168 apostolus
867 1127 1010 1156 omnes
1050 1116 1251 1156 stabimus
1293 1120 1392 1156 ante
1425 1116 1607 1156 tribunal
1650 1114 1810 1158 Christi
1848 1116 2062 1167 recepturi

181 1190 305 1239 prout
337 1188 379 1226 in
412 1197 590 1238 corpore
623 1186 841 1241 gessimus
874 1187 966 1225 siue
999 1186 1150 1225 bonum
1178 1184 1304 1225 suerit
1336 1186 1428 1225 siue
1452 1186 1612 1225 malum.
1647 1190 1812 1237 oportet
1843 1197 1922 1225 nos
1955 1185 2062 1224 diem

182 1257 404 1296 messionis
446 1260 634 1297 extreme
674 1255 963 1295 misericordie
1011 1255 1212 1306 operibus
1254 1255 1494 1307 preuenire.
1544 1266 1594 1294 ac
1635 1258 1873 1294 eternorum
1916 1255 2062 1294 intuitu

183 1327 394 1366 seminare
427 1327 469 1364 in
495 1326 623 1365 terris
658 1323 768 1377 quod
790 1324 998 1364 reddente
1031 1324 1194 1364 domino
1220 1336 1310 1364 cum
1343 1324 1611 1375 multiplicato
1636 1322 1773 1364 fructu
1799 1324 2062 1378 recolligere

183 1395 412 1435 debeamus
459 1395 502 1434 in
541 1394 645 1434 celis
685 1392 837 1434 firmam
884 1405 1001 1445 spem
1041 1392 1314 1446 fiducIamque
1346 1397 1558 1433 tenentes.
1598 1394 1791 1445 quoniam
1823 1393 1891 1445 qui
1933 1403 2062 1444 parce

182 1465 361 1505 seminat
393 1476 524 1516 parce
555 1469 596 1504 et
618 1468 758 1504 metet.
781 1469 822 1505 et
847 1466 915 1516 qui
948 1465 1127 1504 seminat
1152 1464 1193 1502 in
1219 1463 1585 1503 benedictionibus
1620 1463 1672 1502 de
1695 1462 2061 1502 benedictionibus

182 1539 224 1574 et
256 1537 381 1574 metet
420 1536 544 1573 uitam
585 1538 785 1574 eternam.
850 1533 954 1575 Cum
997 1534 1131 1588 igitur
1174 1533 1214 1572 in
1255 1536 1496 1572 sanctorum
1537 1530 1837 1571 festiuitatibus
1877 1531 2062 1570 debeant

182 1604 392 1643 ecclesias
425 1605 601 1643 uisitare
641 1601 801 1643 fideles.
835 1604 871 1643 si
905 1604 1075 1654 cupiunt
1115 1602 1225 1653 apud
1266 1602 1387 1641 deum
1428 1613 1570 1641 eorum
1604 1600 1822 1655 suffragiis
1855 1600 2061 1640 adiuuari.

181 1674 500 1713 vniuersitatem
533 1676 718 1713 uestram
749 1684 961 1712 monemus
995 1677 1037 1712 et
1062 1672 1276 1711 hortamur
1309 1672 1350 1710 in
1384 1671 1560 1710 domino.
1595 1674 1804 1722 quatenus
1838 1670 2061 1709 ecclesiam

182 1744 320 1782 sancti
352 1743 586 1782 Francis-ci
625 1742 677 1782 de
710 1742 966 1782 Dubraum‘c
998 1743 1040 1781 in
1074 1743 1165 1781 eius
1206 1739 1316 1780 festo
1351 1741 1484 1791 ipsius
1524 1740 1692 1791 petituri
1725 1733 1986 1793 suffragium.
2019 1741 2062 1778 et

183 1813 275 1862 pias
308 1812 525 1851 sororibus
550 1812 630 1851 loci
663 1811 850 1851 eiusdem
881 1821 962 1862 que
996 1811 1038 1850 in
1071 1813 1321 1862 paupertate
1357 1822 1474 1849 suam
1507 1808 1798 1848 sufficientiam
1832 1811 2062 1858 posuerunt

183 1881 450 1932 elemosynas
492 1881 691 1935 largituri
740 1892 831 1920 cum
871 1880 1096 1920 deuotione
1144 1880 1286 1919 debita
1327 1880 1520 1918 uisitetis.
1570 1882 1613 1918 ut
1653 1889 1730 1929 per
1776 1877 1856 1917 hec
1897 1879 1939 1916 et
1978 1876 2061 1916 alia

182 1949 294 1990 bona
327 1962 408 2002 que
442 1950 604 1990 domino
645 1950 878 2001 inspirante
912 1948 1113 1989 feceritis.
1156 1948 1210 1988 ad
1252 1951 1400 1987 eterne
1433 1948 1606 1999 possitis
1645 1945 1858 1986 felicitatis
1899 1945 2061 2001 gaudia

182 2021 422 2072 peruenire.
486 2020 575 2058 Nos
616 2019 725 2058 enim
758 2019 811 2058 de
853 2019 1145 2070 omnipotentis
1180 2017 1247 2057 dei
1288 2017 1577 2057 misericordia
1619 2020 1661 2056 et
1693 2016 1909 2056 beatorum
1943 2015 2060 2055 Petri

183 2092 226 2129 et
258 2089 377 2128 Pauli
412 2089 694 2140 apostolorum
736 2089 828 2128 eius
861 2089 1113 2128 auctoritate
1154 2084 1313 2127 confisi.
1349 2086 1538 2126 omnibus
1580 2086 1622 2125 in
1654 2083 1763 2126 festo
1805 2086 1896 2136 ipso
1930 2083 2060 2124 corde

184 2159 362 2198 contrito
407 2161 448 2197 et
481 2158 691 2198 humiliato
732 2157 1037 2197 accedentibus
1077 2157 1129 2196 ad
1165 2156 1390 2195 ecclesiam
1429 2155 1728 2207 supradictam.
1771 2155 1925 2209 viginti
1968 2153 2059 2193 dies

183 2227 236 2267 de
270 2228 457 2266 iniuncta
490 2227 570 2266 sibi
605 2228 833 2278 penitentia
866 2226 1198 2267 misericorditer
1230 2225 1484 2265 relaxamus,
1533 2225 1688 2265 Datum
1721 2224 1925 2279 Anagnie
1959 2223 2057 2262 vll.

184 2297 410 2337 Kalendas
443 2296 600 2336 Martii.
632 2295 896 2347 pontificatus
930 2296 1065 2336 nostri
1098 2306 1209 2334 anno
1242 2297 1381 2334 sexto.

496 2396 550 2427 Ex
575 2396 770 2438 originali
794 2398 825 2428 in
849 2397 942 2428 curia
966 2396 1185 2437 Bruueusi3
1208 2393 1274 2426 lad.
1297 2394 1330 2426 J.
1355 2404 1385 2426 n.
1410 2391 1445 2427 6.
