2212 2876
1009 126 1114 178 245

123 286 259 323 notum
293 280 465 322 facimus
490 281 703 321 vniuersis
735 283 816 320 tam
845 280 1056 320 modernis
1084 292 1203 333 quam
1229 277 1378 319 futuris
1411 278 1465 319 ad
1490 290 1595 332 quos
1628 290 1808 331 presens
1833 280 1996 335 pagina

123 352 379 404 peruenerit.
415 351 524 403 quod
559 351 749 390 exhibita
782 349 904 390 nobis
936 349 1099 389 humilis
1132 349 1274 401 petitio
1309 348 1553 388 dilectorum
1584 349 1734 390 ciuium
1769 348 1821 388 de
1856 350 1996 390 Ureu-

123 419 280 460 dandal
310 420 563 460 continebat.
598 422 804 471 quatenus
831 419 1099 473 priuilegium
1132 416 1268 457 felicis
1294 418 1604 457 recordationis
1636 417 1844 457 Premizl.
1872 419 1999 472 regis

122 489 399 530 Bohemorum
431 490 565 528 mariti
599 492 640 528 et
672 489 804 540 patris
847 489 980 528 nostri
1013 487 1233 527 karissimi.
1268 487 1424 527 eisdem
1465 487 1628 526 ciuibus
1661 498 1910 527 concessum
1944 487 1997 528 de

120 558 263 598 innate
313 558 532 598 clementie
579 558 722 612 gratia
770 555 1018 597 confirmare
1064 557 1355 611 dignaremur.
1403 557 1522 596 cuius
1561 556 1733 609 ‘quidem
1782 556 1998 611 priuilegii

124 631 248 668 tenor
280 628 548 679 conscriptus
582 630 647 666 est
679 627 721 665 in
753 626 834 665 hec
867 623 1002 666 verba
1029 655 1038 665 .
1064 625 1262 665 premizl
1293 625 1362 665 dei
1383 627 1527 677 ‚qratia
1552 655 1562 664 .
1588 654 1598 664 .
1631 624 1767 677 (Vide
1797 637 1838 665 η.
1872 619 1997 676 LX.)

122 697 178 737 Et
217 699 262 737 ut
310 696 390 736 hec
432 697 565 736 omnia
613 698 655 735 et
694 695 869 749 singula
919 696 961 734 in
1001 695 1080 734 hoc
1125 694 1351 748 priuilegio
1394 706 1471 745 per
1511 694 1713 734 articulos
1753 695 1998 746 specialiter

124 777 333 818 expressa
366 770 552 817 tempore
576 766 664 804 vite
698 767 843 804 nostre
870 767 962 803 rata
996 768 1037 803 et
1062 764 1307 803 inconuulsa
1335 762 1510 815 prefatis
1537 764 1700 803 ciuibus
1723 766 1998 814 permaneant

123 834 234 875 hanc
268 838 412 874 nostre
438 832 762 874 confirmationis
795 834 996 887 paginam
1022 833 1258 887 sigillorum
1292 836 1527 872 nostrorum
1550 833 1769 872 munimine
1802 833 1997 871 iussimus

122 904 329 944 roborari.
378 904 513 943 Huius
547 904 610 943 rei
643 906 777 942 testes
810 906 907 941 sunt
940 903 1008 941 hii.
1043 902 1192 942 Woch
1227 903 1499 941 camerarius.
1533 902 1698 941 Holacll
1732 902 1997 952 purcrauius.

124 973 288 1013 Prebor
334 973 461 1012 iudex
502 972 818 1013 Olomucenses.
866 971 1042 1010 Beneda
1083 972 1330 1010 marsalcus.
1381 971 1563 1011 Sezcma
1602 972 1804 1022 pincerna
1849 970 1998 1010 domini

122 1042 399 1083 Marchionis.
443 1042 605 1080 Victor.
646 1040 768 1080 Blud.
811 1041 994 1080 Voitech
1031 1041 1082 1080 de
1116 1041 1306 1080 Medlov.
1351 1040 1503 1092 Oztoy.
1535 1040 1759 1080 Johannes
1794 1040 1996 1079 decanus.

122 1106 368 1152 Radozlaus
392 1111 731 1150 archidiaconus.
760 1110 942 1161 Moyses
979 1110 1302 1149 archidiaconus
1335 1110 1694 1149 Brecizlauensis.
1718 1108 1999 1148 Esavarchi-

124 1182 326 1221 diaconus
357 1181 656 1219 Prerovensis.
690 1179 921 1219 Nicholaus
955 1178 1280 1218 archidiaconus
1306 1179 1588 1224 Brunnensis,
1618 1179 1830 1217 llenricus
1864 1188 1998 1216 cano-

124 1250 205 1290 nici
239 1249 555 1290 olumucenses.
590 1249 832 1303 Gregorius
866 1247 1111 1299 capellanus
1144 1253 1301 1287 noster.
1353 1249 1462 1288 Acta
1495 1235 1590 1287 sunt
1623 1239 1713 1297 liecs,
1737 1248 1777 1286 in
1813 1246 1996 1286 Olomuz.

122 1330 268 1360 mense
300 1319 509 1359 Januario
549 1330 660 1359 anno
703 1318 908 1358 dominice
948 1318 1251 1357 iucarnationis
1293 1317 1519 1357 Millesimo
1559 1315 1651 1358 CC.
1684 1316 1896 1368 XXXIII.
1930 1316 1998 1354 in-

125 1389 305 1430 dictione
339 1391 476 1428 sexta.

436 1487 466 1519 E
492 1486 638 1519 codice
661 1486 731 1519 Ms.
756 1487 1120 1519 Tischnowicensi
1142 1495 1213 1518 sec.
1238 1486 1332 1518 XIV.

892 1631 1184 1705 'ccxxni

129 1760 388 1811 Constantia,
436 1761 585 1811 reyimz
627 1760 844 1811 Boetvzz‘cte,
894 1761 934 1799 et
972 1755 1187 1811 Piemysl,
1226 1758 1420 1798 marchio
1468 1759 1706 1810 Moraviae,
1749 1758 2000 1811 confirmant

127 1830 383 1869 monasterio
415 1828 606 1870 Siloenm·
638 1829 784 1868 lileras
829 1829 1062 1868 cheslaw
1094 1828 1217 1867 dacis
1249 1827 1300 1868 ab
1333 1839 1444 1868 mmo
1482 1827 1629 1869 1174.
1656 1840 1784 1880 super
1816 1827 1997 1879 praedio

197 1896 414 1939 scaranem
446 1901 485 1937 et
514 1898 624 1937 silva
656 1896 816 1937 Borelc.
880 1898 987 1937 Acta
1020 1898 1064 1937 in
1098 1897 1290 1949 Olomuc,
1323 1909 1465 1937 mense
1497 1898 1726 1948 Januarw,
1767 1896 1918 1936 1233.

257 1989 318 2050 ln
351 2010 514 2049 nomine
547 2013 697 2049 sancte
731 2013 773 2049 et
805 2009 1017 2049 indiuidue
1051 2009 1260 2049 trinitatis.
1324 2009 1425 2063 Ego
1468 2006 1716 2050 Constantia
1751 2009 1819 2048 dei
1853 2009 1996 2063 gratia
2025 2026 2028 2031 ,

127 2080 283 2133 regina
317 2079 488 2118 Boemie
523 2083 564 2119 et
597 2079 777 2118 Premizl
810 2077 915 2118 filius
949 2090 1064 2118 meus
1099 2078 1246 2119 eadem
1279 2079 1423 2132 gratia
1455 2078 1639 2118 marchio
1674 2078 1882 2118 Morauie.
1918 2090 1996 2116 no-

127 2154 209 2188 tum
252 2146 425 2187 facimus
466 2148 678 2188 vniuersis
720 2153 801 2188 tam
840 2148 1109 2200 presentibus
1158 2159 1277 2199 quam
1317 2145 1466 2186 suturis
1515 2147 1623 2199 quod
1663 2147 1716 2187 ad
1759 2148 1996 2199 petitionem

127 2217 294 2257 abbatis
326 2216 539 2258 ›S'iloensz's
572 2219 735 2257 nomine
777 2218 1007 2258 Hermanni
1039 2218 1201 2257 litteras
1242 2216 1447 2268 quondam
1488 2217 1682 2257 Waczlm·
1714 2216 1835 2256 ducis
1867 2227 1997 2267 super

127 2287 443 2326 commutatione
486 2286 722 2338 prediorum
762 2288 804 2326 in
836 2290 951 2327 terre
994 2290 1138 2326 nostre
1172 2286 1327 2325 ditione
1366 2284 1478 2325 sacta
1512 2286 1633 2326 nobis
1673 2286 1880 2326 humiliter
1914 2297 1995 2325 ex-

127 2354 280 2395 hibitas
314 2356 353 2394 in
379 2355 502 2394 huius
535 2356 681 2407 scripti
707 2360 895 2396 tenorem
928 2355 1153 2395 transcribi
1178 2353 1351 2394 fecimus
1383 2355 1424 2394 in
1451 2355 1531 2394 hec
1556 2355 1704 2395 verba.
1746 2355 1798 2394 In
1828 2355 1996 2394 nomine

129 2423 288 2464 domini
320 2453 356 2463 ..
375 2453 385 2462 .
419 2435 496 2475 eqo
536 2424 789 2464 Wacezlaus
822 2424 916 2464 dam·
948 2425 1240 2464 Morauiensis
1273 2454 1282 2463 .
1302 2454 1337 2463 ..
1375 2424 1507 2464 1174
1540 2448 1596 2452 ——
1630 2424 1766 2477 (Υἱοῖε
1801 2425 1918 2465 Τοηι.
1958 2423 1994 2463 Ι.

127 2505 168 2533 n.
203 2492 476 2543 CCCXIII.)
510 2516 566 2521 —
631 2494 686 2534 Et
725 2497 770 2534 ut
808 2493 890 2534 hec
930 2494 1063 2533 omnia
1096 2497 1138 2533 et
1178 2494 1350 2548 singula
1394 2494 1435 2533 in
1467 2494 1548 2533 hiis
1589 2494 1739 2533 litteris
1780 2504 1857 2545 per
1889 2493 1994 2532 arti-

129 2562 246 2602 culos
288 2562 532 2614 specialiter
571 2573 783 2614 expressa
823 2564 929 2603 omni
970 2574 1049 2603 euo
1091 2566 1182 2602 rata
1229 2567 1270 2603 et
1310 2563 1557 2603 inconuulsa
1600 2561 1800 2603 fratribus
1842 2560 1995 2615 prefati
