2212 2876
972 82 1188 144 ᾖ250

191 228 246 270 ab
280 227 426 269 eodem
459 227 627 268 vinculo
660 228 901 266 mereantur
933 225 1111 267 absolvi.
1176 226 1329 267 Datum
1360 226 1609 282 Anagniae,
1642 228 1816 280 septimo
1851 226 2067 271 Calendas

190 298 353 353 Martii,
386 296 652 350 pontificatus
685 297 750 336 sui
784 307 895 335 anno
928 299 1067 336 sexto.

503 405 559 438 Ex
581 404 812 439 Annalibus
836 384 1024 436 monasterii
1048 402 1086 437 S.
1110 404 1284 436 'rhomae
1307 405 1440 438 Brunae
1463 405 1505 438 ab
1529 414 1613 438 anno
1635 402 1753 438 1769.
1771 405 1862 440 Mss.
1885 409 2065 440 communi-

607 458 696 489 cavit
718 457 758 488 R.
782 457 824 489 D.
847 456 1009 500 Aphas,
1033 455 1216 499 Cyrillus
1239 457 1370 499 Napp.

1004 641 1251 686 CCXXIX.

191 735 404 792 Piemysl,
445 739 639 780 marchio
678 740 917 787 Mor-aviae,
959 740 1215 779 monasterio
1253 740 1447 780 Lucensz·
1474 739 1556 792 J’us
1594 741 1844 792 patronatus
1890 738 2067 780 ecclesie

298 810 342 849 in
374 805 611 850 PJ’imelice
643 810 820 862 confert.
884 809 957 849 Dt.
990 811 1035 849 in
1066 810 1252 861 Znoym,
1285 809 1365 850 1V.
1398 809 1548 849 Nonas
1580 809 1760 862 Aprilis,
1801 807 1954 849 1233.

318 903 380 964 In
411 922 590 961 Nomine
623 920 785 962 Sancte
817 922 1027 961 trinitatis.
1060 932 1194 960 amen.
1241 921 1423 961 Premilz
1452 921 1732 961 miseracione
1766 921 1907 961 diuina
1939 921 2065 961 Mar-

188 991 282 1032 chio
321 992 506 1032 morauie
549 991 737 1030 omnibus
780 989 940 1031 Christi
980 989 1171 1030 fidelibus
1211 991 1252 1030 in
1296 994 1553 1042 perpetuum.
1619 988 1724 1032 Cum
1764 991 1873 1030 inter
1915 994 2067 1030 cetera

186 1062 379 1101 uirtutum
420 1062 611 1115 insignia
652 1060 829 1112 quadam
872 1061 1139 1099 excellencia
1180 1060 1357 1111 speciali
1404 1061 1654 1112 preluceant
1696 1061 1884 1100 caritatis
1934 1071 2066 1111 opera

187 1132 291 1182 ipsis
317 1132 486 1182 primum
519 1130 675 1184 religio
702 1130 828 1169 debet
853 1130 1076 1169 intendere
1103 1129 1335 1169 christiana
1360 1141 1437 1181 per
1469 1140 1551 1182 que
1579 1130 1790 1169 multitudo
1818 1132 2064 1184 graciarum

187 1198 367 1240 feliciter
406 1200 661 1254 adaugetur.
703 1211 754 1238 ac
795 1203 890 1251 post
930 1199 1098 1239 exilium
1133 1199 1254 1239 huius
1294 1199 1432 1239 mundi
1472 1199 1848 1253 peregrinantibus
1889 1200 2063 1239 celestis

188 1270 317 1325 regni
351 1270 486 1321 patria
511 1269 740 1309 salubriter
768 1270 968 1320 aperitur.
1019 1268 1174 1309 Omnes
1199 1269 1341 1321 itaque
1367 1268 1591 1308 modernos
1618 1280 1669 1308 ac
1695 1273 1890 1320 posteros
1917 1269 2062 1320 scripti

185 1339 309 1379 huius
343 1339 735 1378 consideracionem
776 1342 818 1378 et
851 1340 1011 1389 copiam
1051 1339 1270 1378 habituros
1305 1339 1571 1390 presencium
1607 1339 1842 1379 exibitione
1877 1339 2065 1378 uolumus

186 1409 372 1449 edoceri.
407 1410 601 1461 quoniam
627 1420 702 1460 pro
736 1408 920 1448 remedio
950 1409 1086 1447 anime
1112 1411 1257 1448 nostre
1292 1409 1354 1447 ius
1382 1412 1630 1460 patronatus
1664 1408 1850 1447 ecclesie
1880 1408 1932 1447 de
1965 1408 2063 1448 uilla

185 1483 330 1518 nostra
382 1489 464 1530 que
512 1479 717 1518 Primete'c
762 1479 1003 1533 uulgariter
1049 1482 1325 1530 mincnpatur.
1390 1478 1655 1517 Monasterio
1705 1477 1758 1517 de
1805 1478 1932 1518 Luca
1971 1489 2063 1517 cum

185 1549 292 1588 omni
325 1548 416 1588 iure
449 1548 501 1588 ad
535 1560 612 1588 nos
646 1551 867 1599 spectante
907 1548 1151 1587 contulimus
1183 1552 1265 1587 tam
1305 1547 1496 1587 hilariter
1530 1559 1649 1599 quam
1682 1547 1875 1586 libenter.
1908 1550 1952 1586 ut
1983 1548 2061 1586 uiri

184 1618 382 1672 religiosi
415 1617 577 1657 domino
620 1616 869 1658 famulantes
904 1618 1067 1657 ibidem.
1112 1617 1304 1657 releuata
1336 1618 1521 1668 ipsorum
1562 1616 1812 1671 indigencia
1845 1621 2062 1657 sustenta-

184 1689 297 1727 tione
331 1687 551 1742 gaudeant
576 1687 777 1738 ampliori.
803 1698 966 1739 nosque
992 1686 1260 1726 oracionibus
1287 1687 1525 1726 eorumden]
1550 1690 1723 1738 sperate
1750 1686 2062 1726 consolacionis

183 1754 391 1796 beneficia
441 1760 770 1808 consequentes
819 1756 976 1808 adepta
1024 1756 1273 1795 remissione
1321 1756 1606 1807 peccaminum
1656 1754 1815 1807 perfrui
1855 1757 2062 1806 possimus

184 1826 397 1865 consortio
437 1826 670 1865 beatorum.
733 1826 793 1866 Vt
833 1829 970 1865 autem
1004 1825 1181 1864 donacio
1221 1828 1543 1876 prememorata.
1587 1835 1706 1876 quam
1747 1823 1978 1865 affectuose
2010 1836 2063 1864 ac

184 1895 340 1934 devote
373 1896 415 1934 in
449 1896 541 1946 pios
574 1907 677 1934 usus
712 1898 754 1935 et
776 1895 909 1935 iustas
943 1907 1097 1935 causas
1131 1895 1321 1935 duximus
1347 1894 1689 1933 conuertendam.
1724 1897 1816 1933 rata
1850 1898 1892 1934 et
1924 1895 2061 1934 inuio-

184 1964 321 2003 labilis
355 1976 483 2005 cursu
523 1968 750 2016 temporum
784 1968 988 2016 perpetuo
1030 1967 1294 2016 perseueret.
1336 1963 1388 2002 ob
1430 1963 1709 2003 resecandum
1751 1964 1886 2003 tocius
1928 1963 2060 2003 ambi-

184 2034 361 2087 guitatis
394 2034 633 2085 scrupulum
658 2034 992 2086 obuiandumque
1026 2034 1178 2073 malitie
1203 2033 1407 2073 hominum
1440 2045 1517 2073 seu
1540 2034 1796 2088 ignorancie
1821 2037 2059 2085 presentem

185 2102 388 2156 paginam
428 2103 560 2157 sigilli
603 2104 736 2143 nostri
776 2104 996 2143 munimine
1037 2102 1211 2143 fecimus
1251 2103 1463 2157 insigniri.
1505 2103 1856 2154 subscriptionem
1897 2104 2060 2142 testium

185 2171 473 2211 nichilominus
497 2173 751 2214 adhibentes
777 2184 948 2225 quorum
975 2174 1139 2213 nomina
1163 2176 1261 2211 sunt
1285 2173 1325 2211 in
1350 2173 1628 2223 sequentibus
1656 2172 1872 2212 subarata.
1914 2171 2060 2211 Bohu-

184 2241 302 2280 zlaus
336 2239 441 2280 tilius
486 2242 726 2282 Zlaucoiiis.
760 2242 998 2282 Pribizlaus
1039 2243 1256 2282 sororinus
1289 2242 1530 2281 Jarosonis.
1570 2242 1773 2281 Albertus
1807 2241 1859 2280 de
1898 2241 2058 2282 Sliuan.

184 2310 423 2349 l'ribizlaus
466 2311 722 2362 Dyrsizlaus
763 2310 829 2350 filii
871 2323 1039 2362 percos.
1080 2310 1242 2351 Ctibor.
1282 2311 1458 2350 Beneda
1499 2311 1552 2350 de
1594 2311 1774 2350 Bethor.
1809 2310 2058 2351 Semizlaus.

183 2379 442 2418 Wilhalnms
476 2391 747 2419 camerarius.
786 2382 890 2420 Ben.
923 2381 1229 2434 Burggrauius
1264 2380 1315 2419 de
1343 2380 1504 2419 Znoim.
1541 2380 1696 2431 wyrs.
1721 2380 1911 2419 Ratibor.
1943 2380 2058 2419 Arc-

184 2448 316 2487 lebns.
345 2448 566 2488 Bohobud.
594 2450 713 2488 Hrut.
752 2450 965 2500 [lupoldus
993 2451 1208 2501 pincerna.
1236 2449 1421 2488 Bohuse.
1448 2449 1644 2500 Prostey.
1671 2449 1872 2488 Lutobor.
1899 2448 2057 2499 Lupus.

185 2516 331 2568 Osioy.
351 2517 574 2557 Dethelec.
594 2518 821 2557 Henricus.
837 2519 1052 2558 l’ribrami.
1071 2519 1314 2559 Branizlav.
1334 2518 1507 2558 Beneda
1521 2519 1764 2558 Mai-saletis
1781 2517 2058 2558 Mai-chionis.
