2212 2876
774 251 781 262 ,,
1425 243 1434 259 ι

170 271 250 312 hec
291 272 454 323 publice
495 283 605 311 anno
646 270 699 311 ab
737 268 1032 310 incarnatione
1073 270 1235 310 domini.
1275 268 1336 310 Μ.
1377 265 1466 310 CC.
1506 267 1718 309 XXVIII.
1757 279 1903 308 mense
1945 268 2038 308 No-

168 341 340 381 uembri.
370 341 603 381 Indictione
627 341 660 380 I.
692 341 734 379 in
767 341 1101 379 consecracione
1126 340 1257 390 ipsius
1284 338 1470 378 ecclesie
1496 348 1577 390 que
1610 341 1706 377 sunt
1729 337 1784 376 V.
1816 336 2039 376 Kalendas

170 409 411 450 decenbris.
436 410 584 464 Regni
612 410 744 449 nostri
777 420 886 448 anilo
914 409 1124 448 XXXIII.
1158 408 1311 447 Datum
1340 411 1475 447 autem
1502 418 1580 458 per
1613 418 1773 446 manum
1806 401 2058 446 Hermanni'

171 480 371 531 prepositi
403 479 794 519 Lvthonlericensis
828 478 978 518 notarii
1012 478 1144 517 nostri
1177 477 1389 517 antedicti.
1414 476 1659 529 presidente
1693 476 1828 516 eidem
1860 474 2038 515 cenobio

169 547 332 588 domino
365 548 543 589 Alberto
576 547 836 588 venerando.

480 647 535 680 Ex
558 647 758 688 originali
781 657 851 678 cum
875 647 978 679 tribus
1003 647 1121 688 sigillis
1153 645 1415 687 adpendentibns
1440 647 1471 677 in
1499 645 1636 677 archivo
1661 644 1809 686 ejusdem
1833 644 2039 684 monasterii;

585 701 669 741 sign.
694 698 736 730 A.
761 698 796 730 2.
821 717 863 721 ——
892 698 1080 731 Secundum
1105 698 1276 740 originale,
1305 708 1376 729 cuni
1402 699 1431 728 in
1456 697 1601 738 plurimis
1631 706 1650 727 a
1674 698 1776 737 primo
1801 695 1941 736 differat,
1966 704 2039 725 mox

585 752 615 781 in
639 752 790 792 sequenti
814 750 857 782 ad
879 751 1015 781 verbum
1039 751 1203 781 inseritur.
1233 768 1276 772 —-
1305 749 1449 780 Tertium
1473 758 1553 780 vero
1583 747 1882 789 autographum
1908 748 1937 778 in
1961 756 1990 778 c.
2013 756 2040 777 r.

585 802 721 833 archivo
752 802 858 834 aulico
887 801 1153 834 vindobonae
1183 803 1235 833 est
1265 800 1460 843 depositum.
1495 819 1539 823 —
1566 800 1734 832 Excnsum
1765 798 1922 831 mendose
1952 796 2040 839 apud

585 852 912 896 sommersberg.

299 1013 361 1072 ln
395 1030 563 1069 nomine
595 1032 737 1068 sancte
763 1030 959 1069 trinitatis
997 1032 1035 1069 et
1066 1028 1285 1068 individue
1316 1029 1500 1068 unitatis.
1549 1028 1649 1078 qu
1674 1026 1871 1066 Premit-l
1901 1026 1972 1077 qui
2004 1027 2043 1063 et

172 1098 412 1139 Otlmearus
446 1100 600 1138 tercius
633 1100 737 1139 Κάιν
762 1099 1019 1138 Boemorum
1046 1100 1309 1138 “nonasterio
1346 1097 1707 1152 Wolligradensi.
1743 1095 2040 1136 (Iisterciensis

168 1167 345 1207 ordinis.
380 1170 418 1206 et
447 1168 653 1207 ministris
693 1167 762 1207 dei
793 1167 849 1207 ibi
882 1167 1123 1218 ‹leffe-litibus
1165 1168 1466 1219 inperpetuum.
1532 1166 1639 1207 Cum
1672 1165 1860 1215 reffltlem
1893 1163 2040 1202 deceat

169 1237 464 1276 eoecettentiam
488 1238 686 1276 renerari
712 1240 751 1276 et
768 1248 1022 1289 promouere
1047 1239 1235 1275 sanctam
1269 1237 1312 1275 in
1336 1234 1526 1275 omnibus
1556 1234 1778 1273 ecclesiam
1807 1243 2040 1282 conqrnum

167 1308 310 1345 nostre
351 1307 489 1345 uisum
533 1307 618 1359 fuit
656 1306 869 1345 clementie
919 1305 966 1345 id
1003 1306 1175 1345 iniciari
1214 1307 1252 1344 et
1295 1305 1450 1357 messui
1489 1303 1602 1356 quod
1644 1304 1786 1342 'nostre
1827 1301 2042 1340 serenitati

168 1374 335 1414 cederet
364 1375 421 1414 ad
451 1376 644 1414 meritum
677 1377 716 1414 et
745 1376 889 1414 sancte
925 1376 1074 1414 nmtris
1107 1374 1284 1413 ecclesie
1326 1374 1528 1413 transiret
1558 1372 1616 1412 ad
1651 1374 1909 1425 prouectum.
1974 1369 2042 1410 Ibi

168 1444 277 1483 enim
317 1447 428 1483 recte
460 1445 653 1483 locantur
695 1443 894 1496 beneficia
926 1443 993 1483 rbi
1035 1446 1232 1482 crescunt
1260 1444 1421 1483 merita.
1486 1441 1552 1481 Ibi
1592 1441 1784 1480 decenter
1818 1439 2039 1491 inpertitur

165 1514 308 1564 ‚qratia
340 1513 409 1552 rbi
441 1526 534 1552 cum
571 1514 748 1565 premiis
789 1513 1025 1552 cumulatur
1063 1512 1219 1563 ,qloricn
1282 1500 1506 1551 Nouerint'
1529 1510 1665 1562 itaque
1705 1512 1787 1548 tam
1824 1510 2041 1561 presentes

169 1594 292 1635 qnam
323 1584 460 1635 [icturi
491 1594 570 1622 nos
610 1594 669 1621 ex
702 1582 881 1621 consitio
910 1582 1065 1634 fratris
1096 1582 1233 1620 nostri
1274 1584 1313 1619 et
1346 1582 1542 1633 petiHone
1575 1578 1824 1629 wladizlay
1865 1576 2040 1617 condam

168 1651 340 1691 illustris
373 1651 623 1691 marchionis
656 1651 854 1691 Morauie
885 1663 1048 1690 necnon
1081 1653 1119 1689 et
1148 1650 1479 1689 reuerentissimt
1515 1650 1653 1701 patris
1683 1648 1819 1687 nostri
1850 1645 2039 1687 Roberti.

171 1722 359 1773 episcopi
394 1720 687 1761 olomucensis
720 1732 911 1760 assensn.
945 1720 1111 1759 (Ionium
1147 1719 1445 1760 cisterciensis
1488 1718 1653 1757 ordinis
1693 1717 1736 1756 in
1768 1714 2038 1768 XVeligrade

171 1791 479 1829 construxisse.
513 1792 551 1829 et
577 1792 707 1842 prout
736 1792 832 1828 tunc
857 1790 1054 1841 temporis
1086 1789 1297 1840 potuimus
1320 1787 1492 1826 eandem
1528 1787 1696 1826 ditasse.
1728 1788 1775 1824 ut
1799 1785 1938 1823 seruis
1971 1782 2040 1823 dei

170 1857 228 1898 ibi
259 1858 499 1910 deflentibus
543 1858 794 1898 cottidianus
826 1858 925 1897 inde
961 1859 1187 1910 proueniat
1215 1858 1352 1896 nictus
1385 1859 1424 1895 et
1460 1857 1648 1895 uestitus.
1689 1867 1767 1893 nec
1798 1865 1884 1904 non
1915 1853 2038 1891 etiam

172 1928 216 1967 in
247 1931 434 1968 nostram
468 1930 506 1968 et
535 1939 833 1967 successorum
864 1929 1107 1966 nostrorum
1141 1927 1306 1965 tutelam
1340 1929 1379 1964 et
1407 1926 1717 1977 protectionem.
1752 1924 1862 1962 sicut
1890 1921 2038 1960 merito

170 1995 365 2036 debemus
392 1996 563 2036 eandem
589 1998 803 2048 recepisse
827 2009 921 2035 cum
945 1995 1135 2035 omnibns
1168 1994 1225 2034 ibi
1254 1992 1605 2033 commanentibus
1628 2003 1852 2042 eorumque
1873 1989 2038 2042 prediis

171 2068 210 2105 et
236 2065 590 2117 possessionibus.
624 2067 715 2105 sine
747 2066 978 2117 acquisitis,
1012 2066 1102 2103 sine
1135 2065 1257 2103 etiam
1297 2061 1581 2114 acquirendis.
1615 2064 1654 2100 et
1684 2073 1709 2099 α
1741 2062 1887 2099 nostra
1920 2057 2037 2098 beni-

168 2135 326 2185 gnitate
356 2146 518 2174 necnon
550 2128 691 2174 inclite
722 2135 922 2174 memorie
950 2133 1105 2186 fratris
1136 2133 1272 2172 nostri
1304 2131 1500 2171 crntedicti
1525 2131 1715 2182 inpensis
1749 2131 1788 2168 et
1818 2128 2037 2180 arpensis.

167 2202 347 2255 fundato
380 2205 420 2241 et
441 2203 644 2256 edific-ato.
678 2203 787 2242 lianc
812 2202 1040 2243 libertatem
1072 2201 1267 2241 donasse.
1315 2199 1514 2240 Libertas
1540 2201 1676 2238 antem
1708 2197 1785 2237 lzec
1810 2199 1881 2236 est.
1915 2208 2039 2248 quam

171 2284 196 2310 α
235 2273 385 2324 pietate
421 2274 568 2312 nostra
607 2273 826 2311 statuimus
866 2274 906 2311 et
941 2271 1182 2310 sanccimus
1217 2270 1394 2322 firmiter
1436 2268 1659 2308 obseruari
1697 2267 1859 2306 scilicet
1895 2276 2038 2305 omnes

170 2341 296 2381 vittas
329 2344 367 2380 et
393 2341 686 2393 possessiones
718 2353 822 2393 quas
860 2340 984 2380 modo
1017 2340 1196 2379 ecclesia
1228 2339 1309 2378 ista
1348 2337 1539 2390 possidet
1567 2337 1637 2376 uel
1665 2338 1810 2388 postea
1843 2337 1906 2374 est
1932 2345 2036 2386 pos-

171 2422 357 2450 sessura.
390 2409 623 2461 ubicunqne
655 2410 699 2448 in
730 2421 862 2461 reqno
893 2412 1038 2448 nostro
1071 2409 1147 2446 site
1171 2410 1277 2446 sunt.
1310 2408 1402 2446 siue
1433 2407 1478 2445 in
1509 2407 1702 2445 Boemia.
1736 2406 1826 2443 siue
1859 2405 1902 2443 in
1934 2404 2036 2442 Mo-

170 2480 307 2519 rauia.
342 2478 392 2518 ab
425 2479 539 2518 omni
570 2489 695 2517 onere
728 2477 986 2517 tributorum.
1028 2477 1307 2527 rectiqalium.
1342 2476 1624 2515 collectarum.
1658 2474 1921 2524 aliarumque
1953 2483 2035 2509 ea·-

171 2549 392 2587 actionum.
426 2548 516 2586 siue
547 2547 592 2585 in
623 2546 948 2598 quatuordecim.
981 2545 1039 2585 ad
1067 2546 1303 2598 principem
1334 2544 1405 2584 uel
1435 2543 1724 2596 beneficiarios
1757 2539 2036 2593 spectantibus
