2212 2876
1001 74 1065 115 61

102 216 283 256 actione.
325 219 367 256 et
406 219 610 256 consueta
649 216 767 256 curie
816 220 962 257 nostre
1002 217 1180 257 iusticia.
1225 217 1304 257 sibi
1346 217 1518 269 suisque
1564 219 1889 260 successoribus
1929 220 1972 260 in

102 288 346 336 perpetuum
379 285 661 324 concedimus.
695 286 900 325 volentes.
933 289 978 325 ut
1017 287 1254 337 quicunque
1292 287 1345 325 ab
1388 287 1492 337 ipsis
1527 287 1566 326 in
1600 287 1772 342 Regem
1805 289 1970 328 electus

100 351 237 392 suerit.
270 353 323 393 ad
363 365 456 392 nos.
490 354 558 393 uel
598 364 878 393 successores
918 358 1085 393 nostros
1120 355 1311 394 accedat.
1352 356 1523 410 regalia
1563 356 1702 396 debito
1736 357 1855 396 modo
1895 368 1971 396 re-

100 425 312 472 cepturus.
378 421 534 462 Omnes
574 423 699 461 etiam
738 423 937 462 terminos
986 423 1054 474 qui
1097 424 1286 474 predicto
1328 424 1490 478 Regno
1533 425 1713 464 attinere
1762 425 1970 464 uidentur.

99 500 349 541 quocunque
381 490 499 529 modo
532 477 702 530 alienati
741 491 823 529 sint
879 492 930 530 ei.
965 495 1006 530 et
1039 492 1364 530 successoribus
1391 493 1481 532 suis
1514 493 1796 544 possidendos
1831 493 1968 532 indul-

98 569 264 612 gemus.
298 559 362 597 ius
395 570 560 610 quoque
601 562 643 597 et
682 560 968 599 auctoritatem
1009 561 1261 600 inuestiendi
1296 561 1520 611 episcopos
1562 562 1711 616 Regni
1753 563 1818 601 sui
1857 563 1968 602 inte-

97 627 280 680 graliter
304 627 382 665 sibi
418 632 459 666 et
483 628 713 666 heredibus
742 629 830 666 suis
857 628 1139 667 concedimus.
1174 629 1231 668 ita
1256 632 1394 668 tamen
1423 629 1533 680 quod
1556 630 1638 680 ipsi
1671 641 1724 669 ea
1748 630 1970 684 gaudeant

97 695 294 734 libertate
328 700 369 734 et
394 696 637 735 securitate.
667 707 788 747 quam
814 709 839 734 a
867 697 1022 735 nostris
1046 698 1426 747 predecessoribus
1451 698 1612 737 habere
1639 702 1967 739 consueuerunt.

98 763 164 802 De
198 769 343 804 nostre
385 768 522 803 autem
560 764 825 804 liberalitatis
866 763 1145 804 munificentia
1185 767 1415 804 statuimus.
1457 766 1566 817 quod
1608 767 1707 806 Rex
1747 767 1966 818 predictus

96 833 163 871 uel
203 832 388 872 heredes
427 834 492 871 sui
539 833 593 871 ad
634 834 782 872 nullam
825 835 978 872 curiam
1029 839 1211 873 nostram
1251 835 1399 874 uenire
1441 838 1677 874 teneantur.
1726 836 1807 875 nisi
1846 847 1966 888 quam

97 913 174 940 nos
208 906 308 952 aput
339 901 608 940 Babenberc.
647 902 716 941 uel
751 902 1003 941 Nurenberc
1046 903 1342 941 celebrandam
1378 902 1664 942 indixerimus.
1697 903 1766 942 uel
1798 904 1833 943 si
1867 906 1968 954 aput

94 969 350 1009 Mei-seburc
404 970 561 1008 curiam
608 970 832 1009 celebrare
888 972 1215 1010 decreuerimus.
1275 973 1351 1021 ipsi
1406 973 1468 1010 sic
1520 973 1669 1011 uenire
1727 975 1965 1011 teneantur.

95 1038 244 1089 quodsi
278 1037 364 1076 dux
391 1038 565 1077 I’olonie
591 1043 769 1077 uocatus
795 1040 1044 1078 accesserit.
1087 1040 1163 1090 ipsi
1203 1040 1283 1078 sibi
1317 1040 1508 1079 ducatum
1537 1044 1734 1091 prestare
1768 1040 1965 1080 debeant.

99 1108 208 1146 sicut
247 1110 549 1146 antecessores
589 1108 654 1146 sui
697 1108 902 1159 quondam
943 1109 1115 1147 Boemie
1158 1109 1311 1162 Reges
1352 1107 1497 1148 facere.
1540 1113 1868 1148 consueuerunt.
1902 1109 1965 1148 sic

93 1182 230 1215 tamen
270 1179 314 1215 ut
353 1178 529 1228 spatium
577 1187 657 1215 sex
706 1176 1024 1216 eddomadaruin
1073 1177 1184 1228 (sic)
1231 1178 1427 1216 ueniendi
1470 1177 1524 1216 ad
1569 1178 1782 1228 predictas
1825 1178 1966 1217 curias

94 1246 158 1284 eis
185 1248 282 1284 ante
303 1244 551 1299 preligatur.
594 1244 725 1286 Saluo
753 1250 888 1284 tamen
917 1246 1025 1296 quod
1052 1247 1086 1284 si
1122 1258 1210 1285 nos.
1235 1247 1302 1285 uel
1332 1258 1613 1286 successores
1639 1250 1808 1286 nostros
1834 1247 1966 1286 Rome

95 1315 292 1354 coronari
321 1315 564 1369 contigerit.
602 1315 733 1365 ipsius
766 1315 941 1364 predicti
970 1315 1112 1367 Regis
1139 1315 1355 1355 odachari
1380 1316 1446 1354 uel
1474 1327 1772 1355 successorum
1797 1325 1964 1354 suorum

95 1384 363 1434 relinquimus
406 1384 593 1422 arbitrio.
634 1387 766 1422 utrum
801 1384 878 1433 ipsi
918 1388 1133 1422 trecentos
1174 1388 1356 1423 armatos
1396 1384 1518 1423 nobis
1557 1385 1849 1423 transmittant.
1894 1382 1964 1422 uel

93 1456 308 1492 trecentas
358 1452 553 1492 marchas
598 1452 857 1503 persoluant.
922 1452 990 1491 Ad
1037 1452 1158 1491 huius
1209 1457 1346 1491 autem
1385 1456 1529 1491 nostre
1577 1452 1882 1492 constitutionis
1922 1452 1965 1490 et

92 1519 418 1560 confirmationis
451 1525 597 1560 nostre
630 1521 865 1560 memoriam
899 1524 941 1559 et
974 1521 1102 1559 robur
1134 1525 1337 1572 perpetuo
1372 1521 1587 1560 ualiturum
1620 1531 1799 1572 presens
1833 1519 1964 1570 priui-

92 1590 250 1643 legium
290 1601 368 1640 per
411 1602 556 1629 manus
598 1590 770 1629 Heni-ici
806 1589 858 1627 de
892 1589 1083 1628 l’arisius
1125 1589 1285 1628 notarii.
1321 1593 1362 1628 et
1395 1588 1528 1628 tidelis
1568 1590 1701 1628 nostri
1743 1588 1886 1627 scribi.
1920 1590 1963 1627 et

92 1658 203 1697 bulla
229 1663 372 1698 nostra
402 1670 533 1697 aurea
559 1659 753 1696 iussimus
774 1659 1024 1696 communiri.
1051 1670 1174 1696 anno.
1201 1668 1359 1696 mense.
1386 1661 1428 1697 et
1451 1658 1676 1696 indictione
1696 1657 1961 1707 subscriptis.

91 1726 226 1766 Huius
260 1727 322 1766 rei
356 1731 489 1766 testes
522 1731 631 1765 sunt.
665 1727 744 1765 isti.
778 1726 1140 1776 Arcliiepiscopus
1167 1727 1382 1765 Barensis.
1416 1727 1642 1777 episcopus
1676 1725 1961 1765 Tridentinus.

91 1796 318 1845 episcopus
351 1787 614 1835 Basiliensis.
648 1796 872 1846 episcopus
900 1793 1262 1835 Constantiensis.
1298 1796 1523 1846 episcopus
1558 1794 1794 1835 Curiensis.
1827 1793 1962 1833 abbas

90 1863 328 1917 Augensis.
362 1864 498 1903 abbas
538 1864 674 1903 sancti
717 1863 839 1903 Galli.
880 1863 1015 1903 abbas
1057 1864 1108 1902 de
1148 1863 1405 1903 VViceburc.
1445 1863 1671 1903 Bertoldus
1712 1863 1764 1902 de
1803 1860 1960 1912 Nisphe

90 1932 255 1986 regalis
298 1933 414 1971 curie
456 1932 805 1983 prothonotarius.
846 1943 985 1971 comes
1029 1932 1199 1971 Vll-icus
1240 1932 1291 1970 de
1335 1930 1536 1972 Chiburc.
1576 1942 1718 1970 comes
1751 1928 1958 1975 Rodulsus

92 2000 145 2041 de
177 2000 541 2040 Habecheesburc
567 2005 608 2040 et
632 2000 885 2054 langrauius
913 2001 964 2039 de
992 2001 1170 2040 Alsatia.
1197 2002 1367 2040 comites
1390 2001 1605 2040 Loduicus
1632 2003 1674 2038 et
1690 1999 1957 2038 Hei-mannus

91 2068 143 2107 de
176 2069 379 2108 Froburc.
420 2081 559 2109 comes
600 2070 848 2109 VVarnerus
889 2069 941 2108 de
974 2069 1245 2108 Hohenburc.
1286 2069 1500 2108 Arnoldus
1533 2068 1682 2107 nobilis
1723 2067 1775 2106 de
1808 2067 1956 2106 VVart.

95 2135 303 2178 Rodulsus
339 2138 571 2178 aduocatus
611 2138 664 2178 de
706 2138 1138 2188 Rapeliteshiwilare.
1179 2136 1384 2176 Rodult'us
1428 2136 1481 2175 de
1519 2136 1826 2175 Ramensberc.
1873 2136 1954 2175 Al-

91 2205 236 2245 bertus
271 2205 324 2245 de
357 2206 630 2246 Thanehuse.
656 2207 915 2246 camerarius
949 2210 990 2246 et
1022 2206 1091 2245 alii
1117 2217 1237 2257 quam
1269 2205 1412 2256 plures
1445 2208 1671 2259 magnates
1705 2208 1747 2244 et
1778 2205 1955 2244 nobiles.

90 2276 133 2313 et
163 2273 298 2313 liberi.
331 2286 500 2326 quorum
524 2276 757 2315 testimonio
790 2275 871 2313 hoc
897 2275 1164 2329 priuilegium
1196 2277 1363 2313 constat
1388 2284 1489 2313 esse
1516 2271 1809 2314 confirmatum.
1841 2274 1955 2313 Acta

89 2345 186 2381 sunt
218 2342 298 2380 hec
331 2354 439 2382 anno
473 2344 676 2383 dominice
708 2344 1010 2382 incarnationis
1051 2343 1144 2382 mill.
1178 2342 1477 2382 ducentesimo.
1519 2342 1775 2382 duodecimo.
1807 2353 1953 2382 mense

89 2410 364 2461 Septembris.
405 2412 709 2462 quintedecime
749 2412 1000 2450 indictionis,
1042 2412 1191 2465 Regni
1230 2422 1334 2451 uero
1376 2411 1527 2451 domini
1568 2411 1700 2450 nostri
1733 2410 1952 2450 Frederici

90 2478 351 2519 illustrissimi
386 2479 664 2521 Romanorum
695 2481 958 2532 imperatoris
992 2479 1116 2519 electi
1148 2482 1191 2520 et
1223 2490 1390 2532 semper
1422 2480 1597 2534 augusti
1631 2479 1772 2533 Regis
1804 2478 1951 2520 Sicilie
