2212 2876
1051 95 1152 135 132

163 242 206 280 et
246 239 367 279 Pauli
407 238 688 290 apostolorum
729 237 821 277 eius
868 248 918 276 se
960 237 1126 276 nouerit
1172 237 1448 276 incursurum.
1511 236 1666 277 Datum
1711 237 1917 278 Laterani
1956 236 2034 277 Vl.

162 309 263 350 Idus
295 309 532 349 Februarii.
595 305 868 347 Pontificatus
902 307 1036 347 nostri
1069 318 1179 346 anno
1212 309 1350 346 sexto.

473 423 629 457 Ibidem
651 441 695 447 —
717 423 773 455 fol.
799 420 889 454 109.

976 579 1227 622 CXXVIII.

291 677 531 738 Honorius
564 706 675 746 papa
707 694 782 734 ΙΙΙ.
818 694 1036 749 Gregorio
1072 695 1124 734 de
1159 692 1428 748 Crescentio7
1469 694 1673 734 cardinali
1706 694 1854 749 legato
1887 707 1962 735 suo
1995 696 2036 735 in

162 766 385 806 Boemiam
417 767 456 803 et
485 765 730 804 Mor-aviam
763 764 923 817 scribit7
957 775 1010 803 ne
1045 765 1285 815 episcopum
1318 764 1590 818 Pragensem
1623 764 1845 816 compellat
1876 765 2037 805 intrare

163 846 344 889 regnum
375 834 588 887 Boemiae,
623 838 846 884 antequam
880 835 918 872 ei
954 834 1006 873 de
1039 834 1270 873 securitate
1303 845 1382 873 sua
1414 832 1671 873 sufficienter
1704 838 1868 874 cautum
1899 832 2037 874 fuerit.

161 905 315 944 Datum
353 903 433 943 11.
465 903 705 956 Februarii⁷
746 902 898 942 1222.

473 1019 696 1063 Palacky⁷s
719 1019 823 1051 Reise
847 1029 923 1062 pag.
947 1018 1011 1051 23.
1034 1038 1077 1043 --
1101 1028 1119 1050 e
1143 1019 1325 1062 Regesto
1349 1019 1522 1052 Honorii
1546 1019 1610 1051 ΙΙΙ.
1633 1019 1687 1051 lib.
1712 1019 1771 1051 vl.
1796 1020 1893 1061 epist.
1917 1016 2009 1052 226.

995 1195 1203 1238 CXXIX.

164 1302 404 1354 Greqorius
437 1301 489 1341 de
523 1300 781 1352 crescentio,
816 1300 1054 1340 cardinalis
1087 1301 1263 1353 lemano,
1304 1301 1528 1354 confirmat
1555 1301 1813 1340 monasterio
1845 1301 2039 1341 Lucensi

159 1372 431 1424 privileyium
458 1370 647 1422 Roberti,
677 1370 974 1412 Olomucensis
999 1371 1200 1424 episcopi,
1227 1382 1355 1422 super
1377 1371 1484 1422 jure
1505 1372 1755 1422 patronatus
1789 1373 1828 1409 el
1849 1370 2037 1410 decimis.

209 1441 282 1481 Dt.
317 1441 495 1492 Proque
527 1439 645 1492 apud
674 1440 975 1478 monasterium
1007 1441 1168 1480 Montis
1200 1438 1311 1480 Sion
1342 1440 1431 1479 III.
1463 1440 1613 1479 Nonas
1645 1440 1809 1492 Martii,
1849 1439 2001 1480 1222.

295 1532 560 1607 Gregorius
594 1551 646 1591 de
675 1549 930 1592 Crescentio
956 1551 1226 1591 miseratione
1252 1551 1395 1591 diuina
1421 1552 1560 1591 sancti
1584 1551 1801 1591 Theodori
1836 1551 2038 1591 diaconus

164 1621 407 1663 Cardinalis
458 1621 705 1673 Apostolice
746 1621 875 1662 Sedis
914 1621 1128 1675 Legatus.
1192 1621 1373 1661 Dilectis
1420 1622 1462 1660 in
1511 1619 1683 1662 Christo
1731 1619 1934 1660 fratribus
1976 1651 1985 1660 .

162 1693 320 1733 Abbati
367 1696 409 1731 et
450 1690 690 1732 Conuentui
737 1691 788 1730 de
827 1692 953 1732 Luca
1001 1691 1189 1731 Salutem
1238 1692 1280 1729 in
1323 1691 1497 1730 domino.
1561 1691 1698 1730 Justis
1746 1691 2038 1741 postulantium

164 1761 388 1801 desideriis
423 1761 595 1815 dignum
637 1765 703 1800 est
735 1773 813 1800 nos
853 1759 1018 1800 facilem
1052 1761 1234 1811 prebere
1274 1771 1512 1799 assensum.
1547 1763 1589 1799 et
1627 1763 1724 1799 uota
1759 1770 1840 1810 que
1878 1772 1904 1798 a
1936 1759 2038 1799 iuris

134 1828 137 1831 ’
165 1831 326 1870 tramite
360 1842 443 1869 non
477 1830 721 1869 discordant
753 1828 904 1869 effectu
938 1833 1222 1881 prosequente
1263 1829 1487 1879 complere.
1553 1828 1791 1879 Eapropter
1824 1828 1964 1867 dilecti
1996 1828 2038 1867 in

165 1899 328 1939 domino
379 1898 535 1940 fratres
578 1899 698 1938 iustis
741 1899 1088 1950 postulationibus
1137 1899 1296 1937 uestris
1336 1902 1464 1952 grato
1507 1901 1814 1937 concurrentes
1856 1908 2039 1937 assensu

165 1969 402 2008 donationis
437 1972 478 2007 et
511 1966 833 2008 confirmationis
867 1969 1134 2021 priuilegium
1175 1980 1200 2007 a
1234 1967 1470 2007 venerabili
1505 1970 1625 2018 patre
1657 1966 1899 2017 Rsoberto]
1935 1966 2037 2006 Olo-

165 2038 352 2077 mucensi
380 2038 594 2088 Episcopo
620 2038 886 2078 Monasterio
913 2041 1058 2077 uestro
1092 2037 1161 2088 pia
1188 2037 1439 2076 liberalitate
1470 2036 1673 2076 collatum.
1698 2036 1807 2075 sicut
1833 2037 1872 2075 in
1907 2037 2038 2087 ipsius

164 2107 374 2146 autentico
410 2108 658 2146 continetur.
694 2108 733 2145 in
768 2119 848 2158 quo
880 2107 1002 2146 etiam
1036 2106 1219 2160 sigillum
1248 2104 1429 2156 Capituli
1463 2105 1744 2157 dependebat.
1777 2105 1899 2145 uobis
1933 2116 2038 2148 con-

166 2174 369 2215 firmamus
414 2179 455 2214 et
508 2178 720 2226 presentis
763 2177 908 2227 scripti
957 2176 1189 2227 patrocinio
1229 2176 1534 2215 communimus.
1579 2172 1711 2215 Cuius
1757 2179 1944 2215 tenorem
1985 2174 2037 2214 de

165 2245 297 2284 uerbo
338 2244 388 2283 ad
440 2245 615 2284 uerbum
648 2246 919 2296 presentibus
969 2246 1098 2284 inseri
1141 2243 1315 2284 fecimus
1363 2244 1415 2283 ad
1458 2245 1679 2284 cautelam.
1728 2245 1796 2296 qui
1835 2244 1930 2284 talis
1973 2248 2039 2284 est

164 2313 249 2365 „In
281 2314 448 2352 nomme
481 2317 624 2352 sancte
656 2318 694 2353 e!
724 2314 945 2354 indiuidue
977 2315 1187 2354 trinitatis.
1235 2316 1335 2365 Eyo
1362 2312 1574 2355 Robertus
1608 2317 1681 2353 etc.
1723 2313 1827 2354 l'ide
1859 2326 1899 2352 η.
1918 2313 2036 2354 CXI.

167 2382 276 2421 Nulli
304 2393 416 2435 ergo
449 2384 612 2421 omnino
635 2383 837 2422 hominum
863 2384 989 2423 liceat
1011 2384 1121 2423 hanc
1145 2387 1288 2423 nostre
1313 2381 1636 2422 confirmationis
1665 2384 1865 2437 paginam
1899 2383 2038 2434 aliquo

168 2451 287 2491 modo
338 2450 577 2505 infringere
626 2453 693 2491 uel
736 2453 774 2491 ei
814 2464 920 2491 ausu
960 2453 1182 2492 temerario
1230 2452 1484 2492 contrahire.
1549 2452 1597 2494 Si
1649 2453 1742 2504 quis
1782 2456 1917 2491 autem
1958 2451 2037 2491 hoc

168 2525 316 2560 nostre
357 2519 680 2561 confirmationis
721 2522 917 2573 scriptum
950 2526 1108 2561 temere
1149 2523 1451 2573 presumpserit
1489 2522 1664 2561 uiolare.
1704 2521 2038 2574 indignationem
