2212 2876
1031 107 1136 148 209

145 251 472 292 commutationis
506 254 548 290 et
571 251 807 290 donationis
842 254 1083 302 perpetuam
1108 252 1340 290 memoriam
1376 254 1417 290 et
1449 251 1690 290 inuiolabile
1721 249 2015 293 firmamentum

145 331 327 372 presens
367 320 634 374 priuilegium
669 320 880 359 conscribi
923 319 1095 359 fecimus
1130 324 1171 359 et
1210 321 1341 374 sigilli
1382 322 1512 360 nostri
1554 321 1774 360 munimine
1808 322 2014 363 roborari.

145 390 323 429 Nomina
371 394 506 429 autem
546 390 708 429 testium
750 393 845 428 sunt
884 389 963 428 hec
1005 419 1014 428 .
1055 419 1065 428 .
1105 419 1115 428 .
1154 389 1303 428 Actum
1352 393 1393 429 et
1433 390 1570 429 datum
1611 391 1652 429 in
1691 389 1864 430 Brunna
1904 404 2014 432 anno

144 458 449 498 incarnationis
491 459 693 498 dominice
739 459 800 498 M.
844 456 933 499 CC.
974 459 1140 498 XXIX.
1190 459 1333 498 Idibus
1374 459 1533 498 Martii.
1572 459 1788 499 Traditum
1827 471 1932 500 vero
1973 462 2015 501 in

144 540 290 568 manus
322 528 500 568 Arnoldi
534 528 700 567 abbatis
735 527 786 567 de
820 527 1033 566 'Pi-ebech.

456 627 486 659 E
511 626 627 659 codice
651 627 1015 659 Tiscllnowicensi
1038 626 1110 658 Ms.

976 803 1178 846 CXCIV.

146 890 372 950 Olcilfarus,
415 900 486 950 qui
526 903 565 938 et
602 897 817 950 PJ-emysl‚
857 900 1116 939 Boemorum
1165 912 1261 950 rem,
1290 900 1400 952 jura
1434 898 1697 952 ‘'z-upanorum
1738 904 1777 941 et
1811 901 2013 944 nobilium

144 970 326 1008 onmium
351 971 470 1020 alque
491 969 618 1020 vul-qo
645 970 766 1007 lolius
782 969 1032 1020 provinciae
1056 969 1313 1018 tirunensis,
1340 972 1387 1008 ut
1408 982 1433 1008 a
1460 968 1661 1010 Conrado
1685 969 1803 1021 duce,
1837 971 1888 1010 ab
1913 973 2011 1012 aliis

144 1041 217 1077 aut
246 1051 271 1077 (ι
304 1050 350 1076 se
381 1039 474 1090 ipso
507 1040 606 1076 sunl
636 1040 799 1087 statum,
827 1037 1033 1076 ralefhabet
1063 1041 1102 1076 et
1131 1037 1350 1077 obsera-ara·
1373 1038 1556 1077 mandat.
1605 1039 1758 1078 Actum
1790 1040 1833 1079 in
1856 1041 2013 1081 Bruna

687 1106 811 1146 XVI.
846 1106 1070 1145 Kalendas
1103 1107 1282 1161 Aprile’s,
1324 1105 1474 1146 1229.

1346 1170 1358 1184 .

275 1198 383 1269 Cin
418 1219 466 1258 In
500 1219 663 1257 nomine
697 1222 846 1257 sancte
880 1226 921 1257 et
954 1218 1166 1258 indiuidue
1200 1220 1394 1266 trinitatis
1428 1229 1588 1265 amen„
1622 1219 1833 1260 Otacarus
1867 1221 1935 1272 qui
1968 1225 2011 1261 et

141 1288 313 1340 primuzl
354 1288 420 1327 dei
463 1289 607 1341 gratia
658 1288 895 1327 boemorum
947 1299 1027 1327 rex
1069 1289 1271 1339 suppanis
1306 1292 1367 1343 *et
1408 1289 1595 1328 omnibus
1635 1289 1842 1329 nobilibus
1885 1294 2013 1342 atque

142 1358 274 1412 uulgo
309 1358 526 1408 prouincie
560 1357 814 1396 brennensis
848 1362 1065 1408 perpetuo.
1130 1346 1313 1409 Equitati
1347 1361 1413 1397 est
1452 1363 1777 1398 consentaneum
1813 1363 1854 1399 et
1886 1362 2013 1414 regie

144 1427 404 1465 conueniens
439 1426 694 1465 excellentie
736 1427 895 1477 pariter
928 1430 970 1466 et
1003 1426 1164 1465 honori.
1205 1427 1337 1466 modis
1371 1427 1558 1466 omnibus
1592 1427 1644 1466 ad
1679 1427 1759 1467 hoc
1793 1429 2024 1469 intendere'

143 1499 268 1547 atque
301 1496 387 1534 niti.
420 1499 464 1533 ut
497 1506 614 1534 nemo
649 1499 794 1534 contra
829 1496 931 1533 iuris
966 1495 1150 1534 ordinem
1184 1499 1471 1550 aggrauetur.
1504 1496 1580 1535 sed
1615 1497 1705 1535 iura
1728 1498 1874 1536 ‘omnia
1907 1484 2027 1538 con-‘

144 1567 368 1603 seruentur
400 1564 623 1615 unicuique
656 1565 822 1615 penitus
857 1565 1115 1603 inconuulsa.
1163 1566 1281 1604 Juris
1315 1566 1424 1604 enim·
1457 1565 1742 1604 obseruantia.
1777 1569 1820 1605 et
1850 1569 2012 1618 tempo-

144 1634 243 1673 ralis
276 1633 448 1672 lionoris
482 1633 622 1687 gloria
649 1637 940 1672 conseruntur.
976 1637 1016 1673 et
1050 1635 1183 1673 anime
1217 1647 1241 1673 a
1276 1634 1355 1673 deo
1397 1635 1436 1673 in
1463 1634 1611 1673 celesti
1646 1635 1781 1685 patria
1815 1638 2023 1686 premium·

142 1702 359 1742 tribuetur.
408 1702 475 1741 Ne
509 1706 645 1741 autem
671 1713 722 1741 ea
756 1703 846 1742 iura
882 1714 961 1754 que
990 1704 1104 1753 prius
1138 1715 1162 1741 a
1188 1704 1344 1742 nostris
1369 1703 1749 1754 predecessoribus
1782 1707 1826 1743 ut
1848 1716 1872 1743 a
1900 1705 2011 1745 bone

144 1771 338 1810 memorie
362 1771 468 1810 duce
497 1769 710 1811 Conrado.
735 1775 777 1811 et
803 1772 855 1810 ab
884 1772 976 1811 aliis
1009 1772 1263 1823 postmodum
1289 1776 1359 1811 aut
1392 1784 1416 1811 a
1447 1772 1569 1811 nobis
1602 1773 1643 1811 in
1668 1776 1754 1812 tota
1781 1773 2009 1814 brennensi

144 1840 363 1892 prouincia
396 1843 493 1879 sunt
526 1843 695 1879 statuta.
736 1852 940 1891 processu
974 1842 1172 1892 temporis
1212 1852 1288 1892 per
1328 1852 1570 1892 quemquam
1611 1841 1814 1882 hominum
1848 1843 2012 1894 possint

147 1910 358 1951 immutari.
392 1908 469 1948 scd
502 1913 708 1960 perpetuo
742 1909 910 1949 stabilia
947 1914 1220 1960 permaneant
1253 1914 1379 1962 atque
1413 1909 1540 1950 firma.
1586 1910 1766 1951 Nouerit
1796 1916 1877 1951 tam
1910 1924 2012 1964 pre-

143 1989 244 2018 sens
278 1982 369 2017 etas
405 1989 526 2029 quam
560 1979 650 2017 eius
685 1989 870 2030 sequens
905 1980 1132 2030 posteritas
1169 1980 1277 2031 quod
1317 1991 1394 2019 nos
1427 1979 1569 2019 habito
1603 1979 1796 2034 diligenti
1828 1984 2011 2022 tractatu

144 2058 235 2086 cum
261 2045 452 2086 fidelibus
478 2048 633 2087 nostris
653 2049 854 2099 suppanis
873 2049 1040 2088 Boemis
1067 2050 1226 2100 pariter
1252 2053 1293 2088 et
1312 2049 1505 2088 Mon-auis
1529 2048 1720 2088 uolentes
1742 2049 1795 2090 ab
1823 2051 2010 2091 omnibus

143 2120 346 2168 perpetuo
380 2116 673 2156 inuiolabiliter
706 2118 938 2157 obseruari.
1002 2119 1110 2157 Jura
1143 2119 1359 2157 statuimus
1393 2118 1431 2156 in
1474 2117 1582 2157 hunc
1614 2118 1786 2157 modum.
1852 2119 2009 2159 Omnes

142 2185 406 2224 hereditates
448 2196 553 2236 quas
595 2187 673 2226 uiri
714 2187 880 2227 nobiles
928 2191 1007 2226 tam
1055 2187 1234 2226 maiores
1282 2199 1403 2238 quam
1440 2188 1622 2226 minores
1664 2191 1849 2239 tempore
1890 2189 2009 2229 ducis

145 2252 330 2295 Conradi
378 2254 470 2293 sine
511 2255 684 2307 querela
724 2257 833 2296 iuste
880 2260 922 2296 et
959 2255 1134 2308 pacifice
1183 2256 1264 2296 huc
1305 2267 1439 2307 usque
1484 2256 1778 2307 possederunt.
1819 2258 1858 2297 in
1898 2259 2009 2298 bona

143 2323 443 2375 tranquillitate
467 2325 585 2374 pacis
611 2325 793 2365 ammodo
828 2326 1085 2377 possideant.
1131 2326 1233 2365 Item
1262 2325 1396 2364 nullus
1424 2327 1681 2365 camerarius
1708 2327 1807 2366 citet
1831 2327 2008 2379 aliquem

143 2392 222 2432 nisi
263 2395 380 2431 certo
429 2403 519 2431 cum
558 2394 794 2433 testimonio
843 2406 982 2434 eorum
1025 2405 1195 2446 quorum
1242 2395 1419 2434 interest
1466 2399 1508 2434 et
1555 2396 1790 2434 nominatim
1838 2396 2009 2447 quilibet

144 2471 285 2500 eorum
319 2460 446 2500 debet
479 2461 636 2501 ducere
670 2463 889 2502 castellani
915 2464 1118 2503 nuncium.
1152 2466 1193 2502 et
1219 2463 1340 2502 alium
1374 2463 1534 2503 iudicis.
1560 2465 1733 2515 insuper
1766 2465 1870 2504 duos
1904 2477 2006 2515 pro-

141 2529 222 2569 bos
255 2530 369 2569 uiros
403 2529 455 2569 de
488 2531 891 2571 circumsedentibus
924 2532 1046 2571 uillis.
1088 2536 1130 2571 et
1162 2533 1196 2571 si
1231 2533 1487 2572 camerarius
1521 2533 1634 2573 uadit
1668 2534 1761 2584 ipse
1793 2533 2006 2574 secundus

1625 2601 1693 2642 27
