2212 2876
1053 105 1154 163 221

164 268 367 308 hominum
407 279 575 308 suorum
623 267 914 307 irreuerenter
951 266 1200 306 inuaserint.
1243 268 1314 305 aut
1361 276 1413 305 ea
1464 265 1616 304 iniuste
1666 248 1920 304 detinuerint
1960 276 2041 317 que

162 337 368 390 predictis
411 337 632 377 sororibus
673 348 730 376 ex
771 339 1021 376 testamento
1062 326 1364 376 decedentium⁴
1395 334 1699 387 relinquuntur.
1739 345 1817 373 seu
1850 336 1892 373 in
1925 335 2042 386 ipsas

164 417 339 446 sorores
372 407 441 446 uel
474 417 617 446 earum
650 406 829 458 aliquam
869 408 1018 444 contra
1051 404 1284 456 apostolice
1325 404 1442 443 sedis
1475 403 1632 443 indulta
1673 404 1923 443 sententiam
1958 414 2041 443 ex-

163 476 548 515 communicationis
567 478 638 515 aut
661 475 870 515 interdicti
893 475 1226 526 presumpserint
1250 473 1538 528 promulgare.
1561 473 1631 512 uel
1650 472 1835 512 decimas
1853 472 2042 511 laborum

163 543 216 584 de
249 545 595 596 possessionibus
628 544 784 584 habitis
818 548 916 584 ante
950 544 1167 584 concilium
1201 543 1414 598 generale
1455 554 1561 595 quas
1595 543 1777 594 propriis
1812 541 2042 593 sumptibus

163 613 376 653 excolunt.
417 626 494 654 seu
545 614 598 653 de
638 614 899 652 nutrimentis
951 614 1183 653 animalium
1224 614 1407 664 ipsarum
1455 612 1612 663 spretis
1654 611 1885 663 apostolice
1923 610 2040 650 sedis

162 683 404 737 priuilegiis
438 687 710 735 extorquere.
751 683 973 722 monitione
1008 684 1213 734 premissa
1255 683 1291 721 si
1325 683 1421 721 laici
1455 679 1610 721 fuerint
1650 680 1817 732 publice
1851 680 2041 720 candelis

163 754 361 792 accensis
395 753 556 807 singuli
595 756 780 792 uestrum
815 753 856 792 in
889 752 1132 792 diocesibus
1174 755 1216 791 et
1249 751 1446 791 ecclesiis
1485 750 1656 789 uestris.
1699 741 2041 789 excommunica*-

161 821 287 861 tionis
329 822 541 861 sententia
588 822 844 873 percellatis.
908 820 956 862 Si
998 832 1102 860 uero
1147 821 1292 860 clerici
1335 820 1405 859 uel
1457 820 1650 858 canonici
1691 819 1922 873 regulares
1963 829 2042 858 seu

162 891 354 930 monachi
388 889 555 931 fuerint.
584 902 660 930 eos
694 891 975 942 appellatione
1001 894 1159 929 remota
1192 890 1245 928 ab
1281 888 1414 929 officio
1440 892 1483 928 et
1515 886 1721 927 beneficio
1755 887 2040 938 suspendatis.

163 963 353 999 neutram
396 961 629 1000 relaxaturi
676 961 941 999 sententiam.
986 959 1120 998 donec
1172 958 1373 1010 predictis
1415 957 1635 997 sororibus
1676 957 1868 1008 plenarie
1910 958 2040 996 satis-

162 1026 332 1068 saciant.
366 1034 408 1069 et
448 1034 529 1069 tam
562 1029 708 1068 clerici
749 1029 972 1069 seculares
1007 1041 1127 1081 quam
1168 1029 1277 1067 laici.
1312 1028 1380 1079 qui
1414 1039 1489 1078 pro
1530 1027 1716 1066 uiolenta
1749 1038 1938 1065 manuum
1973 1027 2040 1065 in-

162 1098 345 1137 iectione
387 1099 426 1138 in
467 1109 641 1138 sorores
681 1099 798 1150 ipsas
839 1099 907 1138 uel
949 1109 1090 1138 earum
1132 1098 1309 1149 aliquam
1361 1096 1638 1136 anathematis
1680 1095 1845 1135 uinculo
1886 1093 2041 1134 suerint

160 1166 361 1206 innodati.
402 1179 492 1207 cum
533 1167 751 1207 diocesani
796 1169 983 1219 episcopi
1024 1167 1173 1206 litteris
1214 1167 1266 1206 ad
1300 1165 1448 1205 sedem
1488 1165 1758 1216 apostolicam
1803 1164 2038 1203 uenientes.

162 1235 216 1276 ab
258 1236 405 1276 eodem
445 1237 611 1276 uinculo
654 1242 895 1277 mereantur
941 1236 1115 1276 absolui.
1181 1236 1338 1275 Datum
1373 1235 1580 1275 Laterani
1628 1234 1727 1274 Vll.
1767 1234 1868 1274 Idus
1907 1233 2037 1273 Junii.

161 1303 435 1346 Pontificatus
468 1307 600 1346 nostri
635 1318 744 1346 anno
779 1309 941 1358 quarto.

474 1406 529 1438 Ex
553 1406 747 1449 originali
772 1407 802 1438 in
827 1407 918 1438 curia
941 1406 1084 1438 civitatis
1110 1405 1352 1438 Brunensis.

1036 1581 1170 1625 CCV.

163 1677 402 1731 Greyorzus
439 1693 554 1733 papa
586 1680 668 1720 IX.
705 1679 998 1733 fundationem
1037 1678 1285 1718 monasterii
1327 1676 1646 1717 Oslowcmensis
1688 1674 1920 1728 confirmat,
1960 1673 2037 1714 sub

162 1760 196 1788 s.
229 1749 355 1789 Petri
381 1751 682 1801 protectionem
722 1750 912 1801 susc-ipa,
955 1751 995 1788 et
1020 1748 1261 1800 privileyiz's
1301 1746 1537 1799 locupletat.
1600 1746 1675 1786 Dc.
1707 1745 1918 1787 Laterani
1948 1743 2036 1784 ΙΙΙ.

847 1817 997 1858 Nonas
1030 1818 1154 1869 Julii,
1196 1816 1351 1858 1230.

294 1911 558 1985 Gregorius
593 1931 817 1982 episcopus
851 1941 1008 1971 servus
1042 1941 1265 1970 servorum
1298 1930 1396 1969 Dei.
1444 1928 1626 1987 Dilectis
1660 1928 1700 1966 in
1726 1924 1896 1968 Christo
1930 1924 2037 1966 filia-

162 2000 240 2040 bus
274 2031 284 2040 .
319 2030 329 2039 .
364 2030 372 2039 .
406 2001 624 2040 abbatisse
657 2001 896 2040 monasterii
936 2001 976 2039 in
1011 1999 1231 2052 Ozlawan7
1266 1999 1357 2038 eius
1390 1997 1608 2038 sororibus
1650 1999 1731 2036 tam
1764 1995 2036 2047 presentibus

164 2081 281 2121 quam
315 2068 464 2109 futuris
503 2070 748 2124 regularem
780 2070 907 2110 vitam
950 2067 1156 2121 professis
1198 2069 1239 2107 in
1280 2071 1537 2119 perpetuum.
1602 2066 1869 2120 Religiosam
1908 2065 2035 2104 vitam

164 2139 424 2194 eligentibus
458 2140 728 2191 apostolicum
757 2141 955 2180 convenit
980 2140 1135 2179 adesse
1161 2137 1404 2191 presidium7
1438 2147 1492 2176 ne
1520 2134 1628 2177 sorte
1655 2134 1877 2174 cuiuslibet
1900 2137 2035 2173 teme-

162 2210 298 2248 ritatis
339 2210 535 2248 incursus
570 2221 646 2249 eas
687 2222 712 2248 a
754 2211 969 2261 proposito
1011 2212 1201 2248 revocet.
1265 2207 1331 2247 Ea
1372 2210 1545 2258 propter
1585 2205 1737 2244 dilecte
1781 2205 1821 2243 in
1861 2200 2034 2244 Christo

163 2275 244 2317 filie
278 2279 435 2317 vestris
470 2278 817 2330 postulationibus
842 2279 1071 2318 clementer
1103 2278 1335 2330 annuimus7
1370 2279 1411 2315 et
1437 2275 1735 2315 monasterium
1768 2276 1917 2313 sancte
1951 2272 2035 2312 Dei

168 2348 394 2401 genitricis
435 2351 477 2387 et
520 2348 703 2402 virginis
742 2331 965 2388 Marie'in
1007 2347 1227 2399 Ozlawan,
1268 2346 1309 2384 in
1350 2356 1430 2397 quo
1472 2345 1611 2384 diuino
1652 2343 1890 2394 mancipate
1930 2341 2033 2380 estis

161 2417 381 2471 obsequio,
422 2417 499 2456 sub
541 2417 653 2456 beati
696 2416 812 2456 Petri
854 2421 896 2456 et
938 2420 1081 2456 nostra
1123 2415 1383 2467 protectione
1432 2414 1704 2470 suscipimus2
1738 2415 1780 2452 et
1820 2411 2032 2463 presentis

164 2487 309 2537 scripti
351 2486 581 2540 privilegio
629 2488 935 2526 communimus.
999 2486 1047 2525 In
1102 2486 1243 2537 primis
1290 2484 1492 2536 siquidem
1540 2487 1791 2535 statuentes,
1839 2483 1884 2520 ut
1929 2479 2031 2519 ordo

162 2556 432 2610 monasticuS,
473 2556 541 2608 qui
581 2555 808 2595 secundum
850 2555 933 2595 Dei
974 2559 1016 2596 et
1055 2555 1167 2595 beati
1207 2553 1431 2595 Benedicti
1467 2552 1664 2608 regulam
1706 2554 1831 2604 atque
1864 2549 2034 2589 institu-
