2212 2876
1033 106 1245 186 2'59—4

151 271 356 308 tentarum
396 268 625 308 secundum
669 263 972 308 'ecclesiastica
1013 268 1106 308 iura
1152 268 1393 319 puniuerint
1438 272 1811 323 transgressores.
1874 269 2029 310 Datum

154 338 195 377 in
228 337 521 392 '1¹11usnovvitz,
554 349 664 378 anno
698 338 853 393 gracie
887 337 948 377 M.
983 335 1074 378 CC.
1108 338 1254 377 XXX.
1287 338 1362 377 111.

464 438 519 470 Ex
543 437 772 470 Annalibus
797 436 1128 469 Gradicensibus
1152 437 1246 470 MssI
1268 438 1300 468 in
1324 422 1545 480 registrtatura
1568 448 1598 470 c.
1622 446 1648 470 r.
1674 437 1844 470 Gubernii.

945 613 1238 657 CCXXXVI.

155 707 415 761 Constantia,
441 710 592 761 reqiua
617 709 828 761 quondam
858 711 1131 764 Boemorum,
1156 709 1410 750 monialibus
1435 712 1478 750 in
1501 709 2029 763 Daubrawnjk'quasdam

399 779 546 818 vineas
579 779 755 831 confert.
820 780 892 819 De.
925 780 970 818 in
1005 778 1193 830 Tis'now,
1226 791 1369 818 mense
1403 780 1588 832 Octobri,
1629 780 1783 820 1233.

283 870 342 931 In
384 890 550 929 nomine
589 894 739 929 sancte
781 894 823 929 et
862 890 1076 929 indiuidue
1116 890 1313 930 trinitatis
1354 903 1487 931 amen.
1551 892 1703 932 Notum
1741 893 1796 932 sit
1842 892 2030 932 omnibus

154 956 313 999 Christi
350 957 539 998 fidelibus
567 962 647 998 tam
680 959 894 999 modernis
919 971 1041 1010 quam
1074 956 1237 999 suturis.
1273 960 1382 1011 quod
1418 972 1505 1014 ego
1541 960 1786 1001 Constantia
1824 961 2031 1013 quondam

154 1029 307 1082 regina
343 1028 617 1067 Bohemorum
651 1029 828 1079 cupiens
870 1029 908 1067 in
944 1028 1167 1067 remedium
1201 1029 1335 1068 anime
1368 1041 1460 1069 mee
1501 1031 1714 1081 particeps
1748 1029 1837 1070 fieri
1870 1031 2030 1071 oratio·

153 1109 245 1136 num
265 1097 507 1136 dilectarum
536 1097 575 1136 in
596 1096 766 1138 Christo
786 1110 973 1136 sororum
1000 1098 1251 1137 inclusarum
1276 1099 1315 1137 in
1335 1099 1588 1138 monasterio
1615 1099 1724 1151 quod
1747 1103 2030 1139 constructum

152 1177 252 1206 esse
286 1166 518 1205 dinoscitur
550 1167 592 1205 in
625 1167 722 1206 uilla
755 1165 1025 1206 Dubra'aemilc.
1059 1167 1163 1217 ipsis
1197 1168 1351 1206 contuli
1378 1168 1469 1207 iure
1503 1172 1708 1220 perpetue
1741 1169 2029 1220 possessionis

151 1235 315 1274 uineas.
356 1247 462 1286 quas
504 1247 579 1286 pro
628 1234 751 1276 CXL
781 1236 941 1276 marcis
983 1238 1224 1287 comparaui
1272 1237 1388 1288 apud
1427 1237 1606 1277 nobilem
1644 1238 1775 1277 uirum
1815 1238 2028 1278 Zudomir.

153 1308 504 1356 comparatasque
553 1305 594 1344 in
643 1317 789 1343 manus
840 1304 1011 1356 Voyteli
1060 1306 1264 1356 prepositi
1316 1304 1467 1357 prefati
1507 1308 1750 1347 monasterii
1791 1308 2029 1362 resignaui.

153 1375 348 1425 quatinus
392 1375 431 1412 in
464 1385 567 1412 usus
608 1372 861 1424 prefatarum
896 1386 1085 1413 sororum
1129 1375 1169 1414 in
1211 1376 1457 1426 perpetuum
1495 1379 1810 1416 conuertuntur.
1872 1377 2028 1417 Datum

153 1443 194 1482 in
226 1442 448 1482 'l'husnow
480 1454 589 1482 anno
624 1443 773 1482 domini
806 1441 1149 1484 MCCxxxlll.
1181 1444 1339 1484 Mense
1372 1444 1559 1485 Octobri.

464 1541 495 1574 E
521 1541 638 1575 codice
662 1543 1023 1575 Tischnowicensi
1048 1542 1119 1575 Ms.

928 1718 1245 1761 CCXXXVII.

153 1812 392 1866 Gregorius
420 1826 537 1867 papa
560 1814 642 1854 IX.
669 1813 994 1867 archiepiscopo
1021 1814 1264 1856 Gneznensi
1288 1818 1410 1868 atque
1441 1817 1654 1869 episcopis
1685 1817 2028 1858 VW3·atisl(1viensi

152 1886 192 1923 et
223 1883 496 1924 olomucensi
532 1883 718 1936 mandat,
761 1895 813 1923 ne
847 1883 1016 1923 viduam
1048 1884 1264 1925 ducissam
1297 1885 1349 1925 de
1383 1885 1495 1938 Opol
1525 1889 1565 1925 el
1590 1886 1705 1938 filios
1738 1886 1830 1939 ejus
1862 1899 1888 1926 a
1920 1899 2027 1940 quo-

242 1960 367 2004 quam
398 1953 614 1992 molestari
641 1954 894 2006 permittam.
959 1953 1031 1993 Dt.
1063 1954 1274 1995 Laterani
1305 1954 1360 1994 Χ.
1393 1954 1496 1995 Καί.
1529 1955 1749 2006 danicarii,
1788 1955 1943 1996 1233.

285 2044 548 2118 Gregorius
582 2065 814 2117 episcopus
855 2076 1008 2105 seruus
1041 2076 1260 2105 seruorum
1302 2066 1383 2106 dei.
1447 2065 1781 2107 venerabilibus
1823 2065 2026 2109 fratribus

153 2131 478 2184 archiepiscopo
520 2132 767 2174 Gneznensi
801 2138 843 2174 et
876 2164 885 2174 .
919 2163 929 2174 .
963 2134 1289 2175 Gratislauiensi
1330 2135 1386 2176 'et‘
1411 2165 1422 2175 .
1456 2165 1466 2175 .
1500 2135 1768 2176 olomucensi
1810 2138 2026 2190 episcopis

152 2202 328 2242 salutem
362 2210 404 2242 et
436 2203 708 2253 apostolicam
732 2204 1082 2245 benedictionem.
1128 2205 1246 2245 Inter
1277 2209 1448 2245 ceteras
1477 2206 1709 2257 apostolice
1733 2206 1850 2246 sedis
1883 2218 2025 2261 curas,

152 2271 303 2323 quibus
336 2272 496 2325 iugiter
535 2284 802 2327 occupamur,
836 2273 954 2313 cordi
995 2277 1140 2314 nostro
1181 2278 1247 2314 est
1286 2273 1491 2314 humilium
1531 2268 1729 2315 releuare
1771 2276 2025 2330 grauamina

152 2344 194 2380 et
226 2340 455 2380 subuenire
495 2343 841 2393 oppressionibus
883 2343 1117 2397 viduarum,
1157 2346 1202 2383 ut
1241 2342 1501 2384 defensionis
1539 2347 1687 2384 nostre
1725 2345 1881 2384 munite
1921 2355 2023 2396 pre-

152 2408 258 2450 sidio
285 2421 309 2448 a
335 2421 631 2460 peruersorum
655 2411 855 2451 molestiis
881 2424 1037 2452 secure
1061 2416 1256 2452 maneant
1283 2415 1325 2452 et
1350 2413 1504 2464 quiete.
1552 2411 1655 2454 Cum
1679 2413 1815 2467 igitur
1830 2413 2022 2453 dilectam

151 2478 195 2518 in
228 2476 401 2519 Christo
434 2478 554 2519 filiam
594 2480 649 2519 V.
683 2480 847 2521 viduam
880 2481 1092 2521 ducissam
1131 2481 1185 2521 de
1218 2481 1323 2533 Opol
1366 2493 1418 2521 ac
1451 2480 1556 2522 filios
1597 2483 1689 2521 eius
1722 2483 1764 2521 in
1797 2482 2022 2522 deuotione

153 2548 340 2588 ecclesie
381 2551 674 2602 persistentes7
724 2561 813 2589 cum
854 2551 1042 2591 omnibus
1085 2551 1221 2605 bonis,
1269 2562 1351 2604 que
1392 2552 1435 2591 in
1474 2552 1780 2603 presentiarum
1820 2551 1930 2593 iuste
1970 2562 2021 2590 ac

1594 2617 1709 2660 33³3*t
