2212 2876
1021 137 1126 178 229

133 282 188 322 ad
219 284 278 322 tot
318 281 599 334 querimonias
634 281 865 334 principum
904 281 945 321 in
979 284 1125 320 nostra
1158 271 1401 332 praesentia
1443 279 1686 333 replicatas⁷
1719 278 1774 319 ad
1807 278 2006 331 querelas

133 355 175 392 et
206 351 446 403 lachrymas
469 352 612 391 matris
645 362 751 391 suae
775 351 958 402 petentis
993 350 1045 390 de
1078 353 1223 390 nostra
1256 349 1362 389 sede
1396 348 1602 403 iudicium⁷
1636 348 1688 388 ad
1714 347 2008 399 lachrymosas

132 431 264 461 voces
303 421 512 475 nobilium,
554 424 596 461 et
637 420 908 474 popularium,
949 419 1242 472 orphanorum,
1291 422 1332 458 et
1371 418 1603 472 viduarum7
1644 421 1685 457 et
1728 418 1902 457 omnium
1940 418 2008 456 in-

132 489 404 530 habitantium
451 495 606 531 terram
646 502 764 530 snam
815 501 955 529 coram
1005 488 1085 529 deo
1136 492 1179 528 et
1222 488 1345 527 nobis
1393 488 1654 527 clamantium
1707 490 1857 526 contra
1902 497 2007 539 eum,

134 559 404 599 attendentes
437 560 611 611 insuper
652 559 835 599 offensas
876 562 1048 598 nostras
1090 562 1132 598 et
1174 558 1332 609 imperii
1374 569 1454 609 per
1495 569 1586 597 eum
1626 557 1820 609 nequiter
1868 558 2008 595 atten-

133 633 260 683 tatas⁷
294 629 346 669 ad
381 629 637 684 condignam
679 629 984 668 correctionem
1027 628 1213 667 eiusdem
1258 628 1466 682 exigente
1500 627 1654 666 iustitia
1694 626 1885 665 duximus
1925 636 2008 664 ex-

132 698 386 753 urgendum,
436 699 683 750 responsuri
726 698 850 738 stulto
902 697 1130 737 secundum
1171 697 1381 736 stultitiam
1429 708 1558 750 suam,
1605 707 1659 735 ne
1706 696 1880 746 sapiens
1926 693 2008 733 sibi

135 768 348 808 videatur:
383 768 458 808 sed
494 768 631 807 discat
665 779 740 819 per
773 767 970 819 seipsum7
1012 767 1192 818 qualiter
1225 766 1345 805 deum
1386 766 1532 805 timere
1575 764 1731 804 debeat
1764 775 1815 803 ac
1848 775 1927 803 nos
1967 766 2009 802 et

133 837 359 892 imperium,
393 841 588 878 teneatur
621 837 810 877 omnibus
841 835 973 876 modis
1008 836 1213 875 revereri.
1265 834 1383 883 Quae
1417 835 1550 873 omnia
1583 834 1658 873 tibi
1690 836 1732 873 et
1764 833 1857 872 aliis
1890 832 2008 884 prin-

134 907 297 958 cipibus
330 907 488 946 nostris
529 907 720 946 duximus
754 905 1022 959 exponenda7
1062 908 1106 945 ut
1145 905 1207 944 rei
1242 903 1448 943 certitudo
1488 903 1541 943 ad
1582 903 1673 942 eius
1720 902 2009 942 exterminium

134 980 276 1028 pateat
309 977 538 1016 universis.

446 1089 476 1121 E
502 1089 622 1120 Petri
647 1087 688 1118 de
713 1087 856 1119 vineis
887 1086 1095 1128 Epistolis
1126 1087 1179 1118 lib.
1204 1087 1265 1118 lll.
1290 1097 1319 1118 n.
1345 1087 1384 1118 V.
1417 1085 1496 1119 edit.
1518 1086 1620 1118 Basil.
1653 1086 1817 1117 Iselianae
1840 1102 1883 1107 —
1902 1085 2009 1116 Han-

549 1140 691 1172 thaler
715 1140 746 1172 in
770 1139 912 1170 Fastis
939 1137 1210 1181 Campililien.
1235 1139 1261 1170 l.
1285 1136 1377 1171 832.

970 1314 1169 1358 CCVIII.

265 1411 530 1486 Gregorius
576 1442 685 1482 papa
717 1431 794 1471 IX.
835 1430 1159 1482 archiepiscopo
1192 1429 1510 1483 Salzburgensi
1550 1432 1592 1468 et
1624 1427 1825 1479 episcopo
1857 1426 2008 1466 Ratis-

138 1503 313 1553 ponensi
355 1500 581 1551 imperialis
623 1500 746 1540 aulae
788 1500 1044 1540 cancellario
1077 1499 1258 1553 mandat,
1298 1503 1342 1538 ut
1383 1511 1408 1537 a
1440 1498 1642 1549 praelatis
1675 1501 1717 1537 et
1750 1495 2008 1548 principibus

133 1571 293 1621 imperii
325 1571 455 1619 (inter
478 1570 695 1621 principes
726 1571 890 1621 primu-s·
915 1570 1155 1608 nominatur
1188 1580 1272 1607 rem·
1295 1568 1521 1617 Boemiae)
1554 1567 1787 1606 cautionem
1811 1565 2008 1616 recipere

132 1643 360 1691 procurent
392 1639 553 1678 nomine
597 1639 860 1689 imperatoris
893 1639 1101 1678 Friderici
1140 1650 1215 1689 pro
1248 1648 1355 1689 pace
1394 1638 1504 1676 inter
1537 1637 1667 1688 ipsum
1707 1638 1749 1675 et
1781 1633 2006 1674 ecclesiam

133 1712 395 1759 compactata
429 1707 538 1759 apud
572 1719 606 1747 s.
641 1707 894 1748 Germanum
927 1707 1112 1759 (1230.
1148 1707 1231 1746 23.
1255 1706 1396 1756 sulii).
1444 1706 1596 1745 Datum
1624 1704 1832 1745 Laterani
1863 1703 2006 1744 XVII.

132 1777 352 1817 Kalendas
385 1777 623 1830 Februarii,
658 1776 923 1828 pontificatus
955 1789 1065 1817 anno
1100 1780 1245 1829 quarto
1280 1775 1490 1827 (1231.)

444 1889 665 1932 Palacky's
690 1890 792 1922 Reise
816 1899 894 1932 pag.
918 1888 983 1922 25.
1015 1909 1057 1913 -
1082 1898 1099 1921 e
1123 1890 1305 1932 Regesto
1331 1888 1524 1932 Gregorii
1553 1888 1615 1920 lx.
1640 1888 1714 1919 anni
1737 1887 1796 1919 IV.
1821 1888 1917 1929 epist.
1941 1884 2004 1919 96.

988 2065 1145 2109 CCIX.

136 2170 374 2222 Greyorius
406 2184 519 2223 papa
553 2171 634 2211 IX.
676 2171 898 2224 confirmat
928 2171 1183 2211 decisionem
1215 2171 1300 2210 litis
1332 2165 1440 2210 inter
1479 2168 1663 2209 abbatem
1695 2170 1937 2210 Luc-ensem
1968 2170 2008 2207 el

164 2240 302 2280 Adam
332 2239 620 2293 presbyterum
663 2253 790 2293 super
823 2241 1015 2280 ecclesiis
1057 2253 1091 2279 s.
1124 2240 1297 2279 Nic-olai
1329 2242 1369 2278 et
1404 2252 1439 2279 s.
1473 2238 1704 2279 illichait'lz's
1737 2239 1972 2291 Znoymae.

440 2310 601 2349 Datum
633 2311 842 2350 Laterani
874 2310 973 2351 ΧΓ.
1007 2308 1234 2350 Kalendas
1268 2308 1512 2360 Februarii,
1553 2307 1705 2348 1231.

268 2401 531 2476 Gregorius
572 2422 796 2474 episcopus
830 2433 983 2462 seruus
1023 2432 1240 2461 seruorum
1273 2421 1369 2460 Dei.
1434 2420 1614 2461 Dilectis
1657 2418 1748 2460 filiis
1785 2419 1927 2460 abbati
1960 2423 2002 2459 et

134 2493 357 2530 conuentui
392 2492 633 2530 monasterii
667 2491 720 2530 de
753 2492 878 2531 Luca
902 2491 1310 2531 Premonstratensis
1343 2490 1517 2544 ordinis7
1542 2490 1719 2530 salutem
1753 2493 1794 2529 et
1826 2492 2002 2541 aposto-

134 2559 252 2599 licam
282 2560 628 2600 benedictionem.
664 2560 742 2614 Εη,
768 2570 849 2612 que
875 2560 1025 2599 iudicio
1051 2560 1122 2599 vel
1146 2560 1373 2600 concordia
1399 2560 1692 2613 terminantur,
1710 2558 1823 2599 firma
1847 2559 2003 2598 debent
