2212 2876
1043 72 1146 114 184

159 232 240 273 que
281 232 307 260 a
340 219 461 259 nobis
502 220 545 257 et
577 216 630 256 ad
670 215 871 255 honorem
910 218 1097 256 nostrum
1137 213 1313 266 prouide
1355 213 1628 265 disponuntur
1667 217 1759 253 rata
1802 213 1950 253 haberi
1986 215 2028 253 et

157 289 283 330 firma.
319 294 446 341 atque
480 288 532 326 ab
563 285 751 326 omnibus
783 285 1081 324 inuiolabiliter
1107 284 1342 324 obseruari.
1377 294 1456 322 nec
1490 283 1649 322 debere
1682 295 1890 334 processu
1923 287 2030 322 tem-

156 361 271 412 poris
313 370 389 410 per
438 367 682 409 quemquam
728 354 931 394 hominum
980 355 1194 393 immutari.
1259 353 1410 393 Notum
1457 351 1631 392 facimus
1677 353 1901 392 uniuersis.
1949 355 2031 391 tam

156 428 425 481 presentibus
466 437 586 477 quam
625 422 791 463 futuris.
833 424 942 475 quod
983 435 1073 462 cum
1114 421 1247 462 fidelis
1287 426 1434 462 noster
1474 422 1662 461 minister
1694 422 1853 460 Petrus
1892 424 2031 460 rector

155 498 378 550 prouincie
417 494 683 535 Betouensa's.
734 493 943 532 ciuitatem
983 493 1028 532 in
1070 493 1244 533 Jamm'c
1292 493 1473 544 cepis-sel
1510 491 1709 542 edificare
1754 502 1876 529 muro
1913 490 2031 543 sorti.

157 578 238 607 nec
279 565 460 605 haberet
500 567 685 613 sumptus
726 560 986 601 sufficientes
1027 562 1081 601 ad
1121 563 1253 613 ipsam
1295 559 1605 612 perficiendam.
1646 572 1724 600 nos
1765 561 1803 599 ei
1845 559 2032 598 dedimus

158 636 332 675 liberam
374 634 581 673 licentiam
624 632 840 670 circuitum
881 631 1096 683 quemdam
1137 632 1301 670 nomine
1342 632 1526 671 Louetin
1566 641 1684 682 quem
1727 642 1752 669 a
1793 630 1912 668 nobis
1951 639 2029 668 suo

158 702 268 744 fideli
301 703 486 743 seruicio
527 705 831 753 promeruerat.
872 701 1034 740 domino
1074 701 1274 740 Floriano
1317 701 1458 740 abbati
1493 700 1545 739 de
1579 701 1705 740 Luca
1746 702 1788 738 et
1820 698 1894 737 toti
1927 708 2033 737 con-

157 774 301 813 uentui
332 771 626 812 uenumdandi.
669 771 726 810 ita
768 770 877 822 quod
917 770 1024 810 idem
1065 770 1252 810 dominus
1293 770 1443 809 abbas.
1485 773 1526 808 et
1566 770 1631 808 sui
1672 777 1952 808 successores
1990 766 2035 806 in

158 844 278 895 aquis
313 853 393 895 que
427 841 578 881 ibidem
611 838 739 880 fluunt
771 839 933 879 Ihlawa
966 840 1130 879 scilicet
1163 843 1205 879 et
1237 841 1355 891 crupi
1387 840 1635 891 ubicumque
1667 838 1781 878 uelit.
1816 838 1948 888 possit
1980 834 2035 875 ad

160 921 457 965 quemcumque
504 910 639 949 locum
685 909 832 948 eedem
882 919 990 961 aque
1037 909 1282 948 deriuentur
1331 910 1516 960 piscinas
1564 912 1606 948 et
1644 908 1879 948 molendina
1910 903 2032 962 {licite

159 982 386 1021 collocare.
421 980 595 1020 omnium
627 976 831 1018 fluminum
870 979 1023 1018 ibidem
1054 979 1279 1018 labentium
1319 980 1434 1029 ripas
1469 978 1726 1017 hereditario
1769 978 1859 1016 iure
1894 976 2035 1027 possi-

160 1051 312 1091 dendo.
377 1050 502 1089 Hanc
536 1049 661 1088 etiam
694 1048 828 1087 eidem
869 1048 1011 1087 abbati
1046 1052 1087 1088 et
1120 1049 1208 1087 suis
1241 1048 1567 1087 successoribus
1608 1047 1660 1086 de
1693 1050 1839 1086 nostra
1879 1046 2036 1100 gracia

159 1122 203 1160 in
236 1120 382 1160 eodem
412 1119 589 1158 circuitu
622 1117 810 1157 dedimus
834 1117 1083 1157 libertatem.
1117 1122 1161 1157 ut
1187 1118 1433 1169 quicumque
1467 1116 1533 1156 sur
1565 1119 1674 1156 inter
1698 1128 1799 1156 suos
1832 1116 2035 1156 homines.

161 1202 267 1242 quos
300 1191 342 1229 in
374 1190 466 1240 ipso
501 1187 648 1227 eodem
681 1187 859 1226 circuitu
893 1187 1166 1227 collocauerit
1198 1185 1322 1227 suerit
1351 1187 1658 1238 deprehensus.
1693 1187 1840 1226 collum
1873 1185 2036 1225 domino

160 1263 277 1299 terre
320 1262 362 1298 et
402 1259 490 1298 suis
532 1254 818 1297 beneficiariis
859 1257 1072 1311 assignet.
1114 1257 1225 1296 bona
1263 1268 1367 1296 uero
1408 1255 1512 1295 furis
1555 1257 1740 1295 claustro
1781 1257 1954 1309 integre
1995 1258 2038 1295 et

163 1329 256 1368 sine
291 1328 556 1367 cauillatione
591 1327 730 1379 aliqua
763 1327 980 1365 statuimus
1014 1327 1247 1381 assignari.
1302 1327 1358 1366 Et
1390 1330 1433 1365 ut
1466 1327 1545 1365 hec
1581 1327 1715 1365 omnia
1746 1329 1839 1364 rata
1873 1329 1914 1364 et
1946 1328 2037 1364 sta-

162 1398 263 1438 bilia
295 1400 501 1448 perpetuo
534 1398 829 1448 perseuerent.
862 1407 943 1435 nec
977 1407 1054 1446 per
1087 1407 1330 1448 quemquam
1356 1396 1561 1435 hominum
1595 1397 1859 1447 imposterum
1892 1395 2037 1433 immu-

162 1470 316 1506 tentur.
344 1477 525 1517 presens
559 1465 825 1519 priuilegium
854 1466 934 1505 sibi
968 1469 1010 1504 et
1033 1466 1122 1505 suis
1145 1467 1471 1505 successoribus
1499 1478 1572 1516 pro
1596 1465 1831 1504 testimonio
1857 1462 2038 1503 fecimus

164 1536 373 1576 exhiberi.
414 1537 565 1575 Actum
591 1535 755 1589 Prage.
783 1535 908 1574 Anno
938 1536 1240 1574 incarnationis
1267 1535 1471 1574 dominice
1492 1535 1713 1575 Miliesimo
1744 1532 1834 1575 CO.
1850 1533 2038 1574 XXVII.

162 1605 398 1645 Indictione
430 1605 531 1645 XV.
565 1604 737 1644 Testes,
771 1604 991 1644 Joliannes
1025 1606 1266 1656 Episcopus
1300 1606 1545 1659 pragensis.
1579 1605 1846 1643 Hel-mannus
1879 1614 2037 1654 prepo-

164 1676 270 1715 situs
307 1674 677 1714 Lutomericensis.
710 1674 914 1724 Vipertus
948 1675 1189 1725 prepositus
1223 1674 1515 1725 Znoymensis.
1551 1674 1711 1713 Zauise
1744 1673 1888 1713 ‚Iudex
1921 1673 2039 1712 curie

164 1745 289 1798 regis
330 1744 515 1783 Boemie.
558 1743 746 1782 albertus
788 1743 1085 1794 subpincerna.
1127 1744 1315 1783 albertus
1357 1744 1711 1783 subcamerarius.
1750 1743 1963 1782 Henricus
1997 1743 2040 1780 et

166 1813 295 1852 Vitko
330 1811 399 1852 filii
430 1813 627 1852 uitlzonis.
661 1813 782 1852 Woc
817 1811 922 1852 filius
955 1814 1127 1852 Borute.
1163 1814 1310 1853 Zuest.
1344 1813 1473 1853 Wirs
1498 1814 1758 1867 purgravius
1793 1816 1834 1850 et
1868 1811 2038 1850 Bobuse

167 1883 426 1922 castellanus
451 1882 503 1921 de
526 1882 700 1933 Znoyin.
721 1882 943 1921 Radozlav
969 1883 1189 1936 Magister
1207 1887 1462 1922 uenatorum.
1482 1883 1638 1921 Bartus
1664 1882 1792 1920 iudex
1817 1881 1868 1920 de
1888 1881 2038 1919 Betov.

477 1952 532 1984 Ex
558 1952 754 1994 original-i
778 1954 967 1983 monasterii
992 1953 1193 1984 Lucensis
1218 1963 1289 1984 cuin
1313 1953 1421 1995 sigillo
1445 1953 1578 1994 illaeso3
1603 1954 1687 1994 sign.
1711 1953 1753 1984 Η.
1778 1950 1813 1983 3.

994 2075 1219 2118 CLXXX.

172 2147 403 2200 Otakarus,
443 2151 514 2200 qui
553 2152 592 2189 et
627 2133 844 2202 Premysl,
882 2151 1089 2190 Boemiae
1128 2163 1225 2203 rem,
1260 2150 1388 2190 donat
1426 2151 1573 2201 Petro,
1607 2151 1762 2190 rectori
1792 2149 2042 2202 prov-inciae

174 2218 447 2264 Bilowemss,
487 2230 567 2270 pro
600 2219 802 2259 mnitibus
836 2221 879 2259 in
912 2220 1194 2260 conso-venda
1235 2221 1398 2260 civitate
1431 2219 1636 2260 Gcmmice
1674 2221 1876 2273 impensi-s*
1908 2231 2040 2272 (lutis-

171 2286 268 2326 ‹lam
301 2286 543 2339 adjacentes
575 2289 704 2328 villus
738 2301 834 2328 cum
867 2290 1127 2342 ‹mtre’fodinis
1160 2293 1198 2328 el
1226 2292 1431 2341 proventu
1458 2290 1721 2329 mamillarum
1754 2288 1805 2328 de
1830 2287 2035 2328 montibus

602 2359 719 2396 eirea
754 2357 970 2398 Gmtmice.
1035 2360 1184 2398 Actum
1218 2360 1408 2409 J’rayae,
1456 2358 1602 2399 3227.

302 2415 361 2475 In
404 2435 567 2473 nomine
608 2441 756 2475 sancte
807 2441 849 2475 ot
889 2437 1099 2477 indiuidue
1140 2437 1346 2476 trinitatis.
1393 2437 1541 2476 Anien.
1607 2435 1848 2485 Ottacarus„
1889 2436 1957 2486 qui
1999 2438 2041 2473 ct

172 2503 367 2557 I‘reinizl⁷
411 2504 478 2543 dei
519 2505 671 2558 gracia
715 2506 884 2545 Boeinie
924 2506 1036 2545 Rex
1100 2506 1324 2560 Volentes7
1373 2506 1487 2545 immo
1529 2504 1698 2545 tirmiter
1738 2505 2039 2558 precipientes,
