2212 2876
1046 57 1144 97 145

1003 198 1183 243 CXLII.

285 289 526 350 Honorius
559 319 668 358 papa
702 335 740 346 ..
776 304 972 357 prohibet
1004 304 1118 344 bulla
1152 334 1161 344 .
1181 334 1191 344 .
1223 302 1426 344 fratribus
1459 303 1682 354 hospitalis
1715 306 1865 342 sancte
1890 302 2032 344 Marie

158 377 484 417 'I'eutonicorum
509 376 973 428 Jerosolymitanorum,
1006 385 1091 428 „ne
1125 375 1217 426 quis
1240 377 1336 424 post
1368 371 1674 424 professionem
1708 372 1866 412 ordinis
1900 373 2033 412 vestri

156 446 277 486 vobis
310 446 570 501 regulariter
603 443 768 498 factam,
803 444 1068 495 habitumque
1102 447 1315 494 receptum
1350 442 1401 481 ad
1435 442 1621 482 seculum
1655 441 1725 481 vel
1757 441 1894 481 mundi
1926 442 2033 504 mili-7

155 519 250 555 tiam
285 519 357 554 aut
396 515 618 555 seculares
652 514 820 564 nuptias
862 513 1072 552 licentiam
1113 512 1308 551 babeatis
1348 512 1610 551 transeundi.
1674 511 1825 550 Nullus
1866 521 2033 562 quoque

156 586 324 624 maioris
357 585 449 623 siue
483 584 652 623 minoris
685 583 911 636 religionis
953 582 1124 620 obtentu
1158 583 1251 622 sine
1284 582 1480 635 magistri
1522 581 1585 620 sui
1620 581 1788 620 licentia
1822 584 2034 631 presumat

159 653 212 693 ad
246 654 367 693 alium
408 653 595 693 ordinem
636 652 905 692 transuolare
939 651 1017 690 sub
1062 662 1171 702 pena
1206 651 1513 705 indignationis
1554 651 1767 690 beatorum
1809 654 2031 701 martyrum

157 727 200 763 et
232 728 470 763 sanctorum
504 723 620 762 Petri
655 726 694 761 et
729 721 862 760 Pauli.
929 721 1079 760 Datum
1114 721 1319 760 Laterani
1352 721 1428 760 ΙΙΙ.
1461 720 1609 760 Nonas
1642 720 1879 759 Februarii.
1913 719 2032 759 Pon-

156 790 338 832 tilicatus
373 793 505 832 nostri
538 803 647 831 anno
682 791 805 830 VII?7
846 790 1057 841 (1223.)

469 900 521 932 Ex
547 899 753 931 analectis
778 899 986 930 l’rosvssoris
1011 899 1172 940 wolny.
1202 917 1244 921 —
1275 897 1492 941 Originale
1521 899 1552 929 in
1576 897 1712 930 archivo
1737 897 1859 929 ordinis
1884 896 2033 939 ejusdem

575 947 899 983 Frenden'thalii
923 954 1088 982 servatur.

1000 1119 1199 1161 CXLIII.

160 1215 388 1267 Glak-arus,
432 1215 503 1267 qui
542 1218 580 1254 et
621 1207 837 1267 P5·eniy·s·l‚
878 1227 962 1254 νεα·
993 1216 1199 1254 Boemiae
1240 1218 1279 1254 el
1309 1214 1402 1254 duoe
1442 1215 1682 1265 Moraviae,
1725 1225 1819 1253 cum
1853 1215 2033 1267 conJuqe

159 1298 238 1326 sua
273 1285 519 1326 Conslanle‘a
552 1284 806 1323 monialibus
846 1284 905 1323 ad
943 1297 976 1323 s,
1017 1285 1196 1324 Petrum
1241 1284 1457 1324 Olomucii
1494 1285 1790 1337 possessiones
1829 1283 2035 1335 quasdam

250 1356 294 1395 in
327 1353 550 1395 Bnlrowtm
584 1357 622 1393 et
656 1354 814 1405 Punice
847 1354 1085 1406 conserunt,
1119 1356 1158 1392 el
1189 1355 1466 1393 emetnle'onem
1502 1353 1627 1393 villae
1651 1353 1944 1405 Klopolowice

396 1424 657 1476 confirmant.
722 1424 813 1463 Act.
848 1424 891 1462 in
923 1423 1108 1462 Brmma
1148 1422 1221 1463 VJ.
1254 1423 1403 1462 Nonas
1436 1423 1599 1473 Martii,
1641 1421 1792 1462 12:23.

291 1507 352 1569 In
386 1527 548 1566 nomine
581 1531 730 1567 sancte
763 1527 960 1566 trinitatis
994 1531 1036 1566 et
1068 1525 1282 1566 indiuidue
1315 1527 1500 1566 unitatis.
1549 1526 1700 1565 Notum
1733 1527 1787 1566 sit
1819 1528 2032 1566 uniuersis

161 1596 391 1636 christiane
434 1596 658 1650 religionis
700 1594 1031 1650 professoribus,
1072 1600 1154 1635 tam
1194 1595 1405 1635 modernis
1446 1607 1565 1647 quam
1606 1594 1755 1635 suturis
1795 1596 1904 1648 quod
1946 1608 2034 1651 ego

163 1666 390 1707 Ollacaru-s·
429 1666 500 1717 qui
540 1668 578 1704 e!
619 1666 817 1705 Premizl
856 1665 923 1704 dei
966 1671 1065 1706 nutu
1103 1666 1253 1705 tertius
1294 1678 1378 1704 rex·
1418 1665 1595 1704 Boemt'e
1636 1668 1675 1704 et
1711 1665 1806 1705 duas·
1843 1667 2036 1706 morauie

162 1747 253 1776 cum
296 1736 484 1789 coniuge
526 1738 670 1773 nostra
713 1732 966 1774 Constantia
1006 1736 1164 1790 regina
1212 1736 1383 1774 Boemie
1423 1747 1498 1786 pro
1539 1735 1723 1775 remedio
1766 1739 2035 1786 peccatorum

160 1808 397 1845 nostrorum
447 1804 613 1843 deuotis
652 1803 891 1855 viminibus
939 1805 1057 1844 circa
1099 1804 1323 1844 ecclesiam
1370 1804 1498 1844 Beati
1538 1805 1664 1844 Petri
1710 1805 1754 1844 in
1796 1804 2033 1844 Olomuclaez

163 1871 336 1915 Christo
370 1871 679 1927 famulantibus,
718 1874 760 1912 in
794 1874 893 1912 villa
927 1885 1008 1925 que
1051 1874 1187 1928 vvlgo
1222 1874 1373 1914 dicitur
1413 1872 1649 1913 Bulcowcm.
1684 1876 1774 1913 tres
1808 1878 1948 1914 terras
1980 1874 2035 1914 ad

165 1941 365 1995 Thyna-le
391 1943 654 1993 pertinentes
688 1947 730 1982 et
759 1947 848 1982 tres
875 1954 955 1994 que
982 1943 1131 1983 ibidem
1159 1943 1209 1982 ad
1240 1942 1518 1982 olomucense
1544 1947 1726 1982 castrum
1752 1944 2034 1995 pertinebant.

161 2011 420 2052 hereditario
461 2012 551 2050 iure
592 2012 873 2063 possidendas
915 2013 1175 2052 contulimus.
1238 2013 1460 2063 I'auperes
1501 2023 1667 2064 quoque
1709 2023 1851 2051 earum
1895 2025 1920 2051 a
1961 2024 2035 2053 re-

163 2080 427 2121 edificatione
460 2085 694 2120 castrorum
733 2085 776 2121 et
808 2082 861 2121 ab
897 2082 1085 2121 omnibus
1126 2082 1371 2121 tributorum
1405 2082 1679 2136 vectigalium
1713 2086 2051 2135 ceterorumque¹

163 2150 396 2191 huiusmodi
445 2150 738 2190 exactionibus
786 2151 947 2190 liberali
999 2149 1278 2191 munificentia
1335 2151 1604 2190 absoluimus.
1679 2149 1877 2192 Ceterum
1925 2153 2035 2192 sicut

163 2219 420 2260 uenerabilis
474 2219 783 2259 recordatiouis
830 2220 1032 2260 Mat-chio
1081 2221 1283 2260 Morauie
1329 2221 1467 2273 fralet·
1515 2223 1659 2260 noster
1719 2221 2035 2261 11⁷ladizsslaus

163 2288 441 2342 predecessor
473 2291 615 2327 noster
651 2289 785 2328 villam
819 2301 900 2341 que
935 2289 1084 2329 dicitur
1118 2289 1453 2342 Klopotlzouicln‘
1486 2301 1604 2342 quam
1638 2288 1804 2341 prefate
1837 2291 2034 2345 uirgines

164 2358 353 2412 legitimo
380 2357 654 2408 possidebant
686 2370 760 2410 pro
784 2359 968 2398 remedio
992 2361 1126 2398 anime
1154 2370 1230 2398 sue
1265 2359 1319 2399 ab
1354 2360 1460 2398 omni
1488 2360 1714 2399 exactione
1744 2360 2034 2399 olomucensis

164 2428 294 2468 castri
329 2427 587 2478 omniumque
617 2427 803 2467 eiusdem
836 2429 965 2467 castri
992 2426 1274 2468 beneficorum
1303 2429 1517 2468 concessit
1550 2440 1650 2468 esse
1684 2429 1869 2468 liberam.
1905 2430 1961 2468 ita
1995 2434 2035 2468 et

107 2549 110 2551 Α
166 2508 244 2537 nos
267 2496 444 2536 eandem
464 2497 594 2548 ipsius
618 2498 939 2538 concessionem
965 2497 1264 2549 approbantes
1292 2497 1428 2537 villam
1455 2498 1535 2537 iam
1561 2497 1711 2537 dictam
1736 2499 2033 2549 prenominatis
