2212 2876
1058 96 1163 138 239

172 250 264 280 cum
296 237 401 278 filiis.
434 238 608 280 VVocco
643 239 695 280 de
727 238 997 280 thowachow
1029 251 1121 279 cum
1152 239 1386 279 hominibus
1419 239 1522 278 suis,
1556 238 1622 279 W
1627 250 1731 278 occo
1764 238 2041 280 subcamera-

172 310 272 348 rius.
318 308 516 348 Thomas.
557 308 723 351 Victor.
769 309 937 349 Moises
978 308 1317 350 archidIaconus.
1363 308 1599 348 Johannes.
1647 308 1873 349 Martinus.
1921 309 2039 349 lasco

170 377 288 418 miles
321 407 331 417 .
365 407 375 417 .
409 407 420 417 .

481 469 773 512 Apographum
795 470 828 502 in
851 468 968 502 codice
991 468 1318 502 Welehradensi
1343 468 1413 501 Ms.
1438 478 1508 501 sec.
1528 468 1604 500 XV.
1629 468 1684 500 fol.
1708 467 1773 501 42.

997 644 1221 688 CCXVII.

303 729 567 804 Gregorius
606 761 717 800 papa
749 749 826 789 IX.
868 750 1066 789 ministris
1100 753 1143 789 et
1180 747 1380 788 fratribus
1421 748 1581 788 ordinis
1615 748 1962 789 praedicatorum
1995 750 2037 788 in

171 829 310 872 regno
343 819 547 858 Boemiae
579 820 816 858 constitutis
850 819 1177 870 praedicationis
1212 817 1387 857 ollicium
1421 822 1568 861 contra
1601 818 1812 858 Prutenos
1845 818 2040 872 injungit,

170 898 221 926 ac
255 887 483 939 Bohemos,
517 889 585 939 qui
611 888 1035 939 Hierosolymitanum
1071 889 1150 926 iter
1174 891 1397 932 voverant.
1426 890 1669 926 eonnnutato
1705 891 1802 926 voto
1829 887 2040 926 adversus

170 956 380 995 Prutenos
412 959 542 1011 signa
576 957 769 997 attollere
803 959 990 1008 imperat.
1045 958 1115 996 I)t.
1150 958 1287 996 Reate
1324 957 1376 995 X.
1410 956 1629 995 Kalendas
1663 956 1900 1010 Februarii,
1935 968 2041 1008 pou-

168 1024 347 1079 tifieatlis
381 1038 490 1065 anno
524 1026 579 1065 V.
614 1026 823 1078 (1232.)

481 1125 664 1167 Raynald
691 1126 788 1157 xm.
811 1136 841 1167 p.
863 1123 958 1163 4263
982 1144 1025 1149 —
1045 1125 1263 1166 Palack)·'s
1282 1125 1385 1156 Reise
1408 1135 1439 1166 p.
1461 1123 1582 1156 25.—
1602 1125 1818 1167 eRegesto
1841 1124 2040 1167 Gregorii

584 1177 645 1209 lx.
665 1180 739 1209 anni
758 1178 798 1209 V.
818 1179 914 1219 epist.
943 1175 1028 1208 168.

981 1352 1226 1395 fttxvln.

178 1448 464 1499 tvfeneeslans,
503 1461 586 1487 rex
628 1449 842 1500 Boeme'ae,
883 1452 1104 1488 concrum!
1140 1449 1394 1488 monasterio
1430 1447 1714 1487 Oslovanensa·
1754 1448 1899 1487 literas
1929 1448 2038 1499 fun-

231 1516 412 1556 daumm-
445 1531 482 1557 (ι.
519 1518 664 1557 1228.
699 1518 832 1557 dulas.
900 1518 969 1557 Dt.
1012 1519 1055 1557 in
1091 1519 1273 1568 Znoym,
1316 1517 1412 1557 I'II.
1447 1516 1552 1556 Idus
1585 1517 1780 1568 Auyusle’j
1823 1516 1975 1556 1232.

299 1601 359 1662 In
392 1622 554 1660 nomine
587 1628 734 1660 sancte
769 1628 809 1660 et
842 1620 1055 1660 indiuidue
1088 1622 1298 1660 trinitatis.
1348 1622 1448 1675 Ego
1482 1620 1783 1660 XVencezlaus
1817 1631 1897 1659 rex
1930 1620 2039 1660 boe-

169 1702 320 1729 morum
356 1694 545 1742 qvartus.
571 1690 838 1730 Monasterio
880 1690 1013 1730 I'allis
1038 1693 1180 1729 sanc-{e
1212 1691 1356 1729 Marte
1390 1689 1502 1741 qvod
1536 1689 1654 1743 wlgo
1691 1693 1868 1729 uocatur
1904 1689 2039 1729 Ozlo-

167 1772 274 1799 wan.
309 1764 350 1799 et
375 1759 454 1798 deo
488 1759 638 1798 ibidem
668 1759 954 1798 seruientibus
982 1760 1283 1810 inperpetuum.
1334 1756 1440 1799 Cvm
1475 1758 1640 1812 regalis
1665 1762 1855 1809 potestas
1884 1758 2039 1796 debeat

169 1840 269 1868 esse
309 1829 492 1868 clemens
542 1833 584 1868 et
623 1826 825 1868 munifica.
878 1833 919 1868 et
961 1829 1162 1879 precipue
1202 1832 1442 1866 sanctarum
1494 1827 1772 1866 ecclesiarum
1813 1827 2038 1878 prouidere

168 1898 364 1938 libertati.
406 1903 447 1937 et
481 1898 710 1937 securitati.
752 1897 999 1937 venerande
1040 1897 1297 1949 antiquitatis
1340 1896 1604 1936 decreuimus
1646 1896 1795 1935 imitari
1838 1896 2038 1950 uestigia.

168 1972 211 2006 et
242 1968 498 2007 monasteria
530 1967 583 2006 de
617 1978 830 2006 consensu
863 1970 905 2006 et
936 1967 1151 2006 uoluntate
1184 1964 1398 2020 magnifici
1441 1966 1571 2016 patris
1606 1965 1735 2004 nostri
1773 1965 1966 2004 Premizl
1998 1965 2038 2003 in

168 2047 308 2090 regno
341 2042 485 2075 nostro
519 2039 773 2076 constructa.
807 2036 1050 2087 specialiter
1084 2040 1218 2075 autem
1252 2035 1471 2074 abbaciam
1513 2034 1882 2074 sanctimonialium
1915 2034 2038 2073 vallis

168 2117 203 2144 s.
236 2105 377 2144 Marie
411 2105 451 2144 in
485 2104 689 2145 Ozlawan
722 2106 1010 2145 cisterciensis
1045 2104 1202 2144 ordinis
1242 2116 1267 2143 a
1301 2104 1476 2155 quadam
1509 2103 1635 2143 nobili
1669 2106 1859 2143 matrona
1891 2106 2038 2142 nostra

169 2174 330 2214 domina
363 2174 546 2213 Helwidi
573 2178 867 2214 constructam.
893 2186 995 2213 cura
1020 2173 1345 2228 diligentissima
1368 2176 1644 2212 manutenere
1671 2170 1820 2212 souere
1847 2175 1889 2212 et
1914 2172 2036 2211 tueri.

169 2249 209 2283 et
243 2244 334 2282 iura
359 2254 410 2282 ac
443 2243 660 2283 libertates
687 2244 817 2295 ipsius
842 2244 1032 2283 abbacie.
1066 2255 1091 2282 a
1120 2240 1282 2294 prefato
1315 2241 1562 2281 venerando
1591 2245 1710 2293 patre
1744 2244 1887 2280 nostro
1915 2239 2038 2280 aillua

169 2312 689 2352 liberalitate.concessa.
738 2317 862 2364 prout
909 2314 952 2352 in
1003 2312 1133 2364 ipsius
1173 2311 1400 2365 priuilegio
1449 2311 1687 2350 continetur
1735 2310 2037 2362 perpetualiter

169 2392 441 2421 conseruare.
490 2382 547 2421 Et
577 2393 631 2421 ne
665 2383 757 2434 quis
784 2382 955 2422 dubitet.
989 2383 1089 2434 qvin
1123 2384 1267 2420 nostre
1292 2379 1584 2419 liberalissime
1617 2379 1840 2419 uoluntatis
1868 2389 2035 2432 cogno-

169 2455 261 2491 scat
293 2452 408 2490 circa
441 2449 641 2502 prefatam
675 2451 893 2492 abbaciam
924 2451 1050 2503 plena
1085 2450 1260 2490 deuocio
1301 2456 1342 2488 et
1375 2450 1570 2488 continua
1605 2446 1809 2488 defensio.
1843 2436 2035 2499 quicquid

170 2521 210 2560 in
243 2521 470 2575 priuilegio
496 2520 790 2575 gloriosissimi
824 2511 955 2572 patris
982 2520 1113 2560 nostri
1147 2520 1398 2559 continetur.
1422 2518 1556 2559 uerbo
1589 2517 1640 2558 ad
1676 2518 1847 2558 uerbum
1880 2517 1922 2556 in
1954 2516 2034 2555 hac
