2212 2876
1041 66 1141 108 135

161 209 254 250 bilis
286 212 326 250 in
362 209 534 251 Christo
568 210 700 249 Pater
732 220 850 250 meus
884 210 1020 250 dictus
1052 211 1204 251 Abbas
1238 210 1290 250 de
1333 211 1519 250 claustro
1552 209 1694 250 Lulsa.
1727 211 1794 250 vir
1827 210 2027 262 prouidus

159 279 361 319 honestus
387 279 675 319 nichilominus
703 284 743 318 et
777 279 1000 319 discretus.
1029 280 1137 319 celle
1165 290 1330 332 quoque
1363 290 1454 318 sue.
1482 290 1559 318 sue
1593 290 1695 319 cure
1723 291 1804 318 non
1839 280 2027 320 inmerito

158 348 444 388 commendate
492 347 624 388 fidelis
665 348 868 400 siquidem
915 353 958 387 et
999 349 1151 387 sollers
1200 353 1462 399 procurator.
1514 348 1652 387 villam
1701 348 1905 400 quandam
1947 359 2028 400 que

158 416 369 468 Brayoloe‘z
400 422 578 457 uocatur
611 429 636 456 a
662 417 836 469 quodam
860 418 984 456 nobili
1019 421 1133 457 terre
1161 429 1251 456 mee
1278 419 1441 456 nomine
1467 417 1714 457 Wazezlao
1738 418 1779 456 in
1812 417 2028 468 presentia

159 496 252 525 mee
288 486 590 526 nominationis
625 491 667 525 et
699 497 879 525 meorum
920 487 1119 526 baronum
1155 499 1228 537 pro
1270 491 1432 525 centum
1474 490 1515 525 et
1557 487 1832 540 septuaginta
1865 487 2028 526 Marcis

160 554 349 609 Argenti
377 555 634 595 hereditario
652 556 761 594 Jure
786 560 1006 606 prenotato
1032 556 1216 594 claustro
1243 555 1545 606 perpetualiter
1572 559 1698 606 atque
1725 555 2028 594 rationabiliter

164 623 504 664 deseruiendam.
546 635 635 663 cum
672 624 926 676 plenitudine
966 629 1005 663 et
1039 623 1185 664 fauore
1226 625 1379 679 gracie
1419 635 1523 663 mee.
1564 624 1616 663 ad
1660 625 1822 664 laudem
1857 625 1952 663 Deo
1987 628 2029 663 et

160 698 405 743 prouentum
444 694 618 733 claustri
650 692 822 732 antefati
867 695 1137 744 comparauit.
1200 694 1268 732 Ne
1308 698 1444 733 autem
1484 698 1565 732 tam
1598 693 1807 732 laudabile
1850 696 1891 732 et
1925 693 2028 731 reli-

159 762 327 816 giosum
367 766 449 801 tam
488 763 630 813 utique
670 763 775 813 pium
816 760 980 801 factum.
1030 764 1244 813 quisquam
1286 766 1548 813 posterorum
1596 773 1775 801 meorum
1818 764 2030 812 presumat

159 831 227 870 uel
259 832 393 881 possit
425 842 618 869 cassare.
658 831 727 869 uel
761 831 962 882 quonmdo
1004 829 1241 884 infringere
1276 832 1543 881 inposterum.
1584 843 1666 869 non
1700 831 1829 869 solum
1871 832 2027 881 scripto

162 901 348 951 presenti
399 901 486 939 ueri
537 900 680 953 Sigilli
728 901 805 938 mei
858 901 1124 951 inpressione
1171 901 1346 953 signati.
1397 911 1541 938 uerum
1585 901 1706 938 etiam
1755 904 1797 938 et
1835 899 2028 950 prudenti

159 969 416 1008 'restimonio
467 980 645 1008 meorum
695 968 900 1007 Nobilium
951 969 1132 1007 virorum
1181 968 1460 1007 ueridicorum
1506 968 1558 1007 ad
1609 970 1727 1007 cuius
1775 969 2027 1019 presentiam

158 1044 293 1076 actum
335 1041 400 1077 est
440 1037 519 1076 lioc
554 1042 595 1076 et
635 1049 805 1088 quorum
847 1038 1009 1076 nomina
1049 1048 1235 1089 sequens
1278 1038 1470 1088 exprimit
1509 1038 1775 1088 subscriptio.
1817 1037 1853 1076 id
1898 1038 2028 1088 ipsum

158 1110 422 1158 pretaxatum
457 1105 606 1145 sactum
642 1105 787 1146 fulcire
831 1113 872 1146 et
905 1107 1185 1146 corroborare
1225 1119 1306 1146 nou
1341 1107 1470 1146 omisi.
1535 1107 1628 1146 Hec
1670 1118 1773 1145 uero
1806 1112 1902 1145 sunt
1935 1106 2027 1145 No-

157 1176 265 1215 mina
298 1176 498 1215 'Pestiunr
534 1177 789 1215 Prozimirus
823 1175 1038 1227 prefectus
1072 1176 1123 1215 de
1159 1176 1413 1215 l‘rawlowe.
1449 1176 1732 1215 Emeranunus
1766 1175 2028 1230 burgrauius

98 1293 102 1298 ,
161 1245 215 1285 de.
247 1245 407 1297 Znoym
442 1245 627 1284 I'omnen
654 1245 882 1285 Goworich
910 1246 1058 1296 Sepolt
1093 1244 1254 1284 Ekliart
1287 1257 1376 1284 cum
1410 1243 1541 1284 fratre
1569 1245 1764 1284 Hartlibo
1798 1246 2027 1284 Heinricus

159 1313 284 1354 Wilk
321 1315 482 1354 wele„
518 1315 745 1353 Branizlav
780 1314 979 1353 Yolrirus
1014 1315 1253 1367 Bogdanez
1287 1313 1519 1365 Castellanj
1554 1314 1606 1353 de
1640 1314 1816 1365 znoym.
1866 1313 2026 1354 Milites

159 1384 276 1422 curie
327 1395 417 1423 mee
459 1384 612 1423 Petrus
661 1385 864 1434 pincerna
906 1384 1176 1437 Peregrinus
1216 1384 1346 1422 minor
1386 1381 1549 1434 dapifer
1590 1383 1849 1422 wilhelmus
1897 1384 2027 1422 maior

160 1452 362 1504 pincerna
397 1456 439 1492 et
471 1453 540 1505 alij
575 1464 695 1504 quam
729 1453 884 1504 plures.
940 1453 1089 1492 Actum
1123 1452 1231 1503 apud
1265 1452 1426 1503 Znoym
1461 1464 1570 1491 anno
1605 1452 1769 1491 Domini
1802 1452 2026 1492 Millesimo

159 1518 250 1562 CC.
283 1522 384 1562 XX.
416 1523 470 1561 11.
533 1522 686 1561 Datum
719 1526 856 1561 autem
889 1533 965 1573 per
996 1533 1142 1560 manus
1174 1521 1432 1572 Apollinaris
1465 1522 1582 1560 curie
1615 1532 1706 1560 mee
1740 1521 2026 1574 protonotarij.

471 1621 524 1653 Ex
548 1621 742 1664 originali
767 1620 916 1663 ejusdem
941 1622 1127 1653 monasterii
1152 1622 1241 1663 sign.
1264 1621 1307 1652 H.
1338 1619 1367 1652 ί.
1392 1630 1464 1652 cum
1487 1620 1595 1663 sigillo
1620 1620 1748 1652 illaeso.

973 1796 1223 1838 CXXXIII.

159 1898 372 1953 Piemysl,
405 1902 476 1953 qui
508 1904 547 1940 et
578 1900 805 1949 Otukarus,
839 1913 922 1940 refe
955 1901 1226 1953 Boemorum7
1268 1903 1307 1939 el
1333 1900 1471 1953 frater
1505 1900 1596 1952 ejas
1644 1899 1920 1954 Wladislaus,
1954 1902 2025 1953 qui

161 1972 200 2008 et
235 1971 480 2021 Heinricus,
520 1970 712 2009 marchio
754 1972 991 2020 Mor-ariae,
1026 1968 1230 2009 Harllebo
1270 1969 1320 2008 de
1353 1970 1523 2019 Znoym
1553 1970 1865 2021 possessionem
1897 1971 2024 2010 villae

322 2036 570 2078 Ncsseracece
604 2039 864 2091 confirmant.
921 2039 991 2078 Dt.
1025 2039 1204 2078 Brmme
1245 2039 1367 2078 VIII.
1403 2038 1505 2077 Kal.
1540 2038 1665 2092 .ΙιιΙὶἱ7
1706 2038 1857 2078 1222.

289 2131 348 2191 In
389 2151 550 2188 nomine
593 2155 740 2190 sancte
793 2154 834 2189 et
876 2150 1088 2190 indiuidue
1128 2150 1336 2188 trinitatis,
1402 2148 1567 2198 Quanto
1608 2161 1746 2189 rerum
1785 2150 2021 2190 obseruan-

160 2219 302 2258 darum
347 2219 541 2258 laudabili
585 2221 785 2270 principio
827 2218 918 2259 finis
961 2220 1088 2259 debet
1128 2219 1285 2258 solidus
1327 2223 1369 2257 et
1409 2223 1636 2269 perpetuus
1679 2219 1868 2258 adunari.
1909 2223 2022 2259 tanto

159 2300 288 2340 super
322 2289 424 2339 ipsis
464 2288 693 2328 solidandis
727 2289 930 2328 hominum
972 2288 1220 2328 recordacio
1253 2287 1421 2326 videtur
1461 2291 1502 2326 et
1535 2292 1601 2327 est
1642 2288 1764 2341 uigili
1796 2288 2022 2327 litterarum

158 2359 393 2398 testimonio
434 2358 658 2397 excitanda
701 2369 752 2397 ne
792 2359 914 2409 lapsu
953 2358 1150 2408 temporis
1191 2367 1267 2407 per
1306 2356 1526 2395 obliuionis
1568 2356 1792 2410 caliginem
1835 2357 2022 2407 sopiatur

160 2428 278 2466 accio
313 2437 432 2478 quam
466 2427 772 2466 obseruandam
807 2428 845 2465 in
879 2431 1121 2478 perpetuum
1155 2425 1337 2476 posteris
1370 2426 1584 2464 constituit
1616 2426 1753 2464 solers
1787 2426 2021 2479 uigilancia.

158 2495 460 2535 modernorum.
496 2495 596 2550 Ego
615 2496 811 2534 Premizl
826 2497 897 2547 qui
913 2498 951 2534 et
970 2494 1211 2535 odacharus
1231 2495 1510 2534 miseracione
1529 2494 1670 2534 diuina
1688 2505 1767 2534 rex
1784 2494 2019 2534 boemorum
