2212 2876
1069 66 1138 108 52

165 215 259 267 ipse
290 224 395 254 uero
421 213 538 253 curie
571 211 763 252 tradatur
786 209 1037 263 puniendus.
1085 209 1133 252 Si
1167 214 1304 251 autem
1335 209 1526 250 homines
1551 209 1739 251 eiusdem
1770 211 1870 251 uille
1903 222 2043 251 coram

164 284 318 324 iudicio
360 282 593 334 culpabiles
633 282 903 320 inueniuntur
943 291 1024 320 nec
1072 280 1195 320 nobis
1236 291 1317 320 nec
1365 279 1577 320 iudicibus
1616 282 1774 320 nostris
1813 281 2044 321 curialibus

167 364 334 406 quoque
366 353 435 393 uel
469 349 778 392 inbeneficiatis
812 349 964 402 aliquid
1008 349 1106 390 inde
1147 350 1337 389 utilitatis
1378 349 1614 401 proueniat.
1655 350 1730 390 sed
1765 350 1877 402 apud
1909 361 2043 390 cano-

165 423 285 463 nicos
310 423 436 474 culpe'
465 423 717 473 perseueret
744 417 992 459 satisfactio.
1026 420 1106 459 nisi
1131 419 1171 458 in
1197 430 1277 471 quo
1299 422 1469 458 tenetur
1501 416 1756 459 satisfacere
1780 419 2043 459 aduersario.

164 492 322 532 Preter
370 492 450 531 hcc
498 490 660 530 utilitati
704 489 983 529 olomucensis
1031 489 1218 528 ecclesie
1259 488 1533 539 p1·0uidentes
1582 488 1625 527 in
1665 488 1813 528 eadem
1850 488 1950 528 uilla
1990 487 2044 528 ad

165 573 321 615 preces
354 560 614 601 venerabilis
639 560 772 611 patris
806 559 940 598 nostri
972 559 1150 610 Ruperti
1175 558 1393 598 tabernam
1426 557 1591 597 liberali
1624 556 1906 597 mvnificentia
1939 569 2044 597 con-

166 632 386 671 cessimus.
452 629 511 669 Vt
551 632 687 668 autem
731 628 812 668 hec
854 631 1000 670 nostra
1044 627 1213 667 donatio
1253 628 1383 667 robur
1423 625 1626 667 firmitatis
1667 627 1868 667 obtineat.
1909 630 1952 667 et
1991 638 2045 667 ne

165 699 319 740 sactum
352 702 538 739 nostrum
572 698 794 738 obliuionis
829 697 992 737 desidia
1032 697 1277 748 sepeliatur.
1311 697 1442 752 sigilli
1488 697 1621 736 nostri
1654 697 1874 736 munimine
1914 696 2045 736 robo-

165 781 320 809 ramus.
377 772 419 808 et
464 768 629 808 testium
679 767 993 819 approbacione
1044 765 1347 806 confirmamus.
1421 766 1579 806 Testes
1628 770 1766 806 autem
1819 769 1917 806 sunt
1964 766 2044 806 isti.

166 840 382 891 Rupertus
401 838 641 890 episcopus.
665 837 865 877 Andreas
884 837 1118 890 pragensis
1134 837 1390 887 prepositus.
1415 836 1676 876 Benedictus
1693 835 2044 888 prothonotarius.

165 908 382 949 Arnoldus
417 907 619 947 decanus.
654 907 887 946 Hinsaltus.
921 906 1098 945 zlauco.
1132 906 1347 945 Bouzlaus
1380 903 1485 945 filius
1527 907 1632 945 eius.
1673 906 1904 945 Heinricus
1938 903 2044 945 filius

166 977 458 1018 witechonis.
491 977 626 1016 Bludo
653 980 694 1016 et
728 975 844 1017 Onso
878 974 983 1015 filius
1011 976 1117 1015 eius.
1150 975 1378 1015 Luderius.
1403 975 1611 1026 Neplach.
1646 974 1860 1014 Andreas.
1888 975 2044 1014 Petrus

169 1046 275 1087 filius
301 1046 517 1087 medlonis.
542 1045 723 1085 Pardus,
748 1045 932 1085 Twirsa.
956 1044 1222 1086 Stanimirus.
1256 1045 1424 1085 Doben.
1466 1056 1557 1084 cum
1589 1045 1723 1084 tribus
1757 1042 1862 1084 filiis.
1896 1044 2047 1083 Neda-

164 1118 292 1157 mirus
323 1114 457 1156 frater
490 1116 657 1155 Doben.
695 1113 826 1156 Gron.
860 1114 1069 1154 Zevvize.
1106 1115 1346 1154 Bavvarus.
1381 1114 1540 1155 Stibor.
1578 1114 1834 1153 Zemizlaus.
1864 1113 2044 1153 VVurso.

166 1186 434 1227 Nedamirus.
482 1183 615 1224 frater
664 1185 767 1224 eius.
817 1184 1044 1225 Svlizlaus.
1102 1183 1302 1224 Stizlaus.
1351 1183 1528 1223 usoino.
1583 1183 1774 1223 Beneda.
1825 1181 2044 1224 Chochan.

165 1256 436 1296 Hel-mannus
469 1255 604 1295 abbas
638 1254 690 1294 de
724 1254 892 1308 grediz.
927 1253 1177 1293 'Pliizelinus
1211 1253 1347 1293 abbas
1389 1253 1441 1293 de
1474 1252 1714 1307 WVelgrad.
1778 1252 1873 1292 Hec
1908 1255 2046 1292 autem

168 1329 266 1365 acta
300 1328 397 1364 sunt
430 1336 543 1364 anno
577 1324 790 1364 millesimo
825 1323 1112 1363 ducentesimo
1146 1322 1282 1362 Nono.
1316 1322 1551 1362 indictione
1585 1322 1845 1362 duodecima.
1878 1322 2044 1373 Epacta

167 1394 427 1434 duodecima.
470 1392 765 1435 Concurrente
798 1393 944 1433 tercio.
1010 1394 1059 1432 In
1092 1393 1185 1433 loco
1229 1392 1510 1432 olomucensis
1545 1392 1734 1444 episcopi
1768 1392 1837 1444 qui
1868 1394 2046 1431 uocatur

166 1462 396 1506 Cremesir.

477 1572 532 1605 Ex
556 1571 755 1613 originali
780 1572 811 1602 in
835 1570 971 1602 archivo
996 1570 1129 1611 capituli
1154 1568 1452 1603 Oloniucensis.
1475 1589 1519 1593 —
1546 1569 1842 1612 Apographum
1875 1572 1906 1602 in
1929 1569 2045 1602 codice

581 1622 767 1655 Creinsi1·.
792 1623 870 1655 VII.
894 1624 977 1654 Item
1001 1624 1032 1654 in
1057 1622 1131 1655 cod.
1155 1623 1289 1655 membr.
1315 1621 1588 1654 Olomucensi.
1613 1622 1639 1653 Ι.
1664 1622 1718 1653 fol.
1742 1621 1806 1654 31.

1024 1801 1188 1841 XLVI.

168 1906 439 1946 [amoenans
469 1918 585 1958 papa
618 1905 705 1945 III.
740 1906 920 1957 suscipit
949 1905 1249 1944 monasterium
1285 1903 1660 1955 Zabi-douresscense‚
1695 1903 1860 1944 ordinis
1893 1904 2039 1944 Prae-

195 1976 515 2015 monstralensis
559 1987 653 2014 cum
682 1974 1027 2027 possessionibus
1060 1975 1151 2013 suis
1185 1975 1228 2013 ἰη,
1257 1975 1556 2026 protectionem
1596 1972 1711 2012 sedis
1744 1974 2014 2026 apostolicae.

550 2045 709 2084 Datum
742 2045 952 2084 Laterum·
985 2044 1071 2083 ΙΙΙ.
1105 2044 1254 2083 Alma-s·
1287 2043 1468 2096 Aprilis,
1510 2042 1662 2082 1209.

298 2137 582 2198 Innocentius
616 2158 857 2210 episcopus7
899 2168 1052 2196 seruus
1095 2167 1312 2196 seruorum
1353 2154 1434 2194 dei.
1498 2154 1681 2194 Dilectis
1723 2153 1815 2194 filiis
1854 2155 2045 2196 Arnuldo

168 2226 295 2278 priori
345 2230 386 2265 et
426 2224 625 2265 fratribus
667 2226 719 2266 de
769 2226 1060 2267 Zaberduwz’z
1106 2225 1514 2264 Premonstratensis
1563 2224 1735 2277 ordinis7
1786 2224 1961 2264 salutem
2003 2229 2045 2265 et.

167 2295 438 2347 apostolicam
471 2295 818 2335 benedictionem.
884 2295 988 2337 Cum
1028 2308 1052 2335 a
1086 2296 1207 2335 nobis
1251 2295 1417 2347 petitur7
1452 2293 1562 2345 quod
1602 2295 1750 2334 iustum
1786 2298 1851 2334 est
1891 2298 1932 2333 et
1965 2293 2044 2333 ho-

167 2368 342 2417 nestum7
376 2368 456 2403 tam
491 2365 621 2418 vigor
654 2366 849 2416 equitatis
884 2377 1003 2416 quam
1037 2365 1138 2404 ordo
1174 2365 1314 2418 exigit
1348 2365 1537 2417 rationis7
1578 2367 1623 2403 vt
1657 2363 1695 2403 id
1729 2375 1806 2415 per
1839 2363 2042 2403 sollicitu-

168 2433 303 2473 dinem
345 2431 467 2472 officii
508 2434 638 2472 nostri
680 2434 731 2472 ad
776 2434 955 2473 debitum
998 2435 1254 2485 perducatur
1302 2431 1504 2472 effectum.
1568 2433 1634 2472 Ea
1677 2436 1860 2486 propter⁷
1903 2432 2041 2471 dilecti

168 2504 206 2543 in
251 2503 412 2542 domino
456 2501 535 2556 lilii7
580 2504 736 2542 vestris
779 2504 897 2542 iustis
939 2503 1287 2554 postulationibus
1329 2502 1529 2557 inclinati.)
1573 2502 1798 2542 ecclesiam
1844 2506 2041 2556 vestram7
