2212 2876
1036 92 1067 132 9

997 234 1093 274 VII.

117 367 326 419 Philippi,
351 365 641 407 Romanorum
670 365 800 417 reyz's,
825 363 1010 416 diploma
1034 386 1092 391 ——
1117 362 1192 402 sub
1226 364 1456 403 testimonio
1483 364 1694 415 Heinrici,
1719 365 1980 406 marchionis

302 435 540 475 sllorctviae.
602 433 731 486 Apud
760 432 1219 497 Babenbe1·9·X1'111.
1252 433 1355 472 Kal.
1391 432 1598 484 Octobris,
1639 433 1791 473 1201.

246 554 484 628 Philippus
526 587 606 616 rex
638 606 648 616 .
683 605 692 614 .
726 605 736 614 .
770 605 779 615 .
813 575 1052 615 Euirhardo
1092 575 1407 628 Salzpurgensi
1445 573 1767 626 archiepiscopo
1801 577 1976 628 eiusque

117 647 331 685 ecclesiae
354 639 547 685 abbatias
575 645 753 699 regales
770 645 981 683 Kiemisse
1006 649 1047 683 et
1068 644 1199 684 Sewe
1224 655 1312 682 cnm
1339 654 1481 682 earum
1507 644 1768 694 pertinentiis
1796 645 1950 684 donat.
1968 674 1979 684 .

119 714 248 767 Apud
277 714 519 755 Babinberc
543 714 706 754 xvlll.
739 713 958 752 Kalendas
993 712 1189 752 Octobris
1229 712 1359 751 1201
1401 741 1411 750 .
1445 740 1455 750 .
1488 740 1499 751 .
1546 712 1702 752 Testes
1734 713 1979 754 Hertwicus

117 784 350 824 bremensis
391 780 752 833 archiepiscopus.
793 782 1074 820 Vodiscalcus
1113 782 1407 834 Augustensis
1445 781 1683 832 episcopuS.
1717 782 1979 822 Diethalmus

116 853 443 893 constantiensis
491 853 731 903 episcopus.
780 850 1004 891 Conradus
1046 850 1373 900 Ratisponensis
1423 851 1661 900 episcopus.
1711 849 1977 905 XVolfgerus

115 922 391 973 pattauiensis
425 921 662 972 episcopus.
706 920 980 959 Bernhardus
1022 919 1108 958 (lux
1144 919 1375 959 Saxoniae.
1408 919 1676 958 Hel-mannus
1710 920 1980 974 lantgrauius

116 991 399 1044 Thuringiae.
425 990 660 1029 Heinricus
683 988 876 1028 marchio
902 990 1140 1028 Morauiue.
1171 987 1326 1027 Comes
1362 987 1587 1027 Didericus
1621 989 1673 1027 de
1701 989 1980 1040 Landisperc.

116 1057 349 1099 Ruodoli'us
374 1070 514 1098 comes
537 1059 744 1110 palatinus
778 1058 830 1097 de
860 1057 1090 1111 Twingen.
1116 1055 1371 1097 Godefridus
1395 1057 1579 1096 marchio
1606 1057 1658 1096 de
1685 1058 1978 1109 Rovmisperc.

116 1127 271 1169 Comes
303 1127 502 1167 Volricus
542 1127 595 1166 de
628 1128 793 1181 Berge.
835 1125 989 1168 Comes
1029 1126 1258 1165 Lodwicus
1299 1126 1351 1165 de
1392 1126 1674 1166 wirtinberc.
1721 1127 1978 1167 XValtherus

60 1232 62 1235 .
115 1197 168 1238 de
201 1197 495 1250 Langinberc.
528 1196 731 1236 Albertus
757 1196 809 1235 de
835 1200 997 1234 entsee.
1030 1195 1268 1234 Hadmarus
1300 1195 1352 1234 de
1379 1193 1675 1249 Chuni-ingen.
1708 1195 1979 1236 Wichardus

115 1264 280 1317 dapifer
312 1265 364 1305 de
389 1264 632 1320 Zebingen.
666 1264 897 1304 Hertnidus
924 1264 976 1303 de
1010 1263 1154 1304 Orten.
1189 1262 1340 1304 Covno
1368 1263 1658 1318 burcgrauius
1692 1264 1745 1304 de
1774 1264 1978 1305 VVernin.

115 1332 374 1376 Waltherus
407 1336 610 1386 pincerna
643 1334 696 1374 de
728 1332 934 1386 schipfen.
967 1333 1198 1373 Lodwicus
1232 1332 1284 1372 de
1317 1333 1511 1373 Nicastel
1544 1338 1587 1373 et
1619 1334 1689 1373 alii
1722 1363 1732 1372 .
1766 1362 1776 1372 .

424 1476 638 1509 Monumenta
660 1478 785 1509 Boica
809 1476 847 1509 Τ.
870 1476 1004 1509 XXIX.
1027 1475 1066 1508 P.
1088 1476 1115 1509 1.
1138 1486 1171 1517 p.
1194 1473 1285 1507 479.

989 1678 1108 1718 VIII.

115 1810 358 1861 Boleslaus‚
383 1808 476 1849 dum
494 1807 676 1860 Stenae,
701 1808 899 1848 coenobio
920 1807 1112 1849 Lubensz·
1138 1808 1250 1847 mille
1274 1820 1446 1847 mansos
1465 1809 1581 1848 circa
1605 1812 1735 1847 metas
1752 1809 1979 1849 Moravz‘ae

235 1880 341 1919 inter
368 1878 545 1933 flumina
580 1877 837 1919 Osoblaham
870 1880 909 1917 et
938 1877 1201 1919 ›So-adunam
1233 1878 1423 1916 restituit.
1486 1878 1593 1918 Acta
1624 1875 1712 1917 III.
1745 1877 1852 1917 Idus

819 1946 1082 1998 Novembri&
1123 1946 1274 1986 1201.

243 2065 304 2128 In
349 2090 512 2129 nomine
561 2089 710 2129 domini
758 2100 891 2128 amen.
963 2089 1030 2129 Ne
1079 2100 1170 2128 cum
1218 2092 1405 2139 tempore
1452 2091 1712 2128 transeunte.
1758 2092 1977 2128 transeant

115 2170 141 2197 a
173 2162 433 2209 posterorum
475 2159 627 2198 noticia
668 2169 749 2210 que
787 2157 940 2197 fuerint
979 2158 1262 2209 temporaliter
1301 2155 1412 2196 sacta
1454 2156 1496 2196 et
1535 2157 1727 2196 ordinata
1766 2157 1977 2197 literarum

115 2226 271 2267 debent
302 2227 555 2283 perliennari
588 2229 820 2267 testimonio
855 2231 897 2266 et
926 2239 952 2266 a
985 2227 1259 2278 stipulacione
1290 2215 1511 2277 proborum
1535 2226 1736 2265 hominum
1771 2227 1976 2266 roborari.

114 2296 277 2336 Idcirco
318 2307 405 2350 ego
444 2297 680 2336 Bolezlaus
722 2297 789 2336 dei
831 2297 984 2350 gracia
1018 2296 1103 2335 dux
1145 2296 1307 2334 Zlezie.
1342 2293 1446 2334 filius
1486 2295 1657 2334 illustris
1699 2295 1902 2346 quondam
1935 2299 1978 2334 et

114 2366 277 2404 maximi
305 2365 423 2404 ducis
450 2366 668 2416 wladyzlai
696 2365 865 2405 declaro
895 2365 1080 2416 presenti
1099 2366 1261 2419 pagina
1287 2364 1555 2415 presentibus
1583 2375 1633 2403 ac
1658 2362 1806 2403 futuris
1831 2363 1975 2404 christi

115 2431 304 2472 fidelibus
343 2435 568 2473 uniuersis.
611 2434 719 2486 quod
752 2434 998 2473 uenerande
1039 2435 1234 2473 memorie
1275 2433 1461 2473 dominus
1503 2433 1729 2485 Zyrizlaus
1770 2433 1974 2484 quondam

116 2503 341 2553 episcopus
360 2503 637 2542 wratizlawie
669 2504 735 2554 pio
755 2503 999 2543 deuocionis
1025 2501 1176 2543 affectu
1197 2506 1238 2542 et
1260 2503 1312 2542 ad
1337 2514 1467 2542 meam
1492 2514 1543 2542 ac-
1567 2503 1767 2542 baronum
1794 2513 1975 2541 meorum
