2212 2876
992 131 1092 174 ¹65

107 278 300 318 nouerint
331 276 518 317 uniuersi
554 275 664 329 quod
689 276 841 316 nobilis
874 276 1020 316 mulier
1052 288 1104 316 ac
1137 276 1347 331 religiosa
1372 278 1561 316 matrona
1595 276 1822 317 Heilwidis
1853 277 1977 318 vide·-

105 346 205 386 licet
244 347 297 386 de
337 347 502 398 Znoym
541 347 608 397 pio
648 346 742 386 zelo
783 357 859 385 sue
899 346 1049 386 salutis
1089 358 1141 386 ac
1181 346 1393 385 multorum
1428 345 1624 385 diuinitus
1667 358 1855 386 accensa
1888 359 1978 386 cum

106 416 333 455 claustrum
371 416 603 455 monialium
643 415 802 455 ordinis
843 412 1163 467 Cysterciensis
1210 413 1387 454 fundare
1428 415 1686 466 disponeret.
1726 427 1806 455 nec
1846 416 1980 455 locum

106 484 157 524 ad
192 484 272 524 hoc
305 489 442 536 aptum
477 486 696 524 inueniret.
730 486 821 536 ipsa
852 485 1019 524 tandem
1053 484 1216 524 domino
1257 484 1336 523 deo
1371 483 1621 535 disponente
1661 486 1769 524 intra
1801 496 1980 544 posses-

105 554 250 593 siones
284 554 457 593 claustri
480 555 612 593 nostri
644 554 936 593 'ri-ebecensis
962 554 1164 608 angulum
1198 553 1403 605 quendam
1433 553 1639 593 Ozlazrcm
1672 555 1835 593 nomine
1859 554 1980 593 nobis

107 623 271 674 quidem
297 623 348 662 ad
376 624 577 663 modicum
598 624 735 663 utilem
763 623 838 662 sed
868 623 921 662 ad
939 621 1212 663 edificandum
1243 623 1467 662 claustrum
1492 626 1629 661 mente
1655 627 1979 674 preconceptum

106 693 268 743 reperit
300 696 616 744 competentem.
680 692 841 731 Verum
875 693 971 744 quia
1004 703 1090 731 rem
1124 692 1301 731 alienam
1336 704 1418 730 non
1451 691 1565 731 licuit
1597 693 1690 730 sine
1724 693 1830 731 iusto
1864 691 1980 731 titulo

105 771 187 799 nec
221 761 360 800 decuit
402 762 614 812 occupari.
650 760 797 799 eadem
839 764 1027 799 matrona
1062 760 1142 800 deo
1183 761 1335 799 deuota
1370 761 1487 811 petiit
1527 772 1550 799 a
1595 761 1716 799 nobis
1750 761 1980 812 predictum

106 829 239 868 locum
274 842 349 881 per
382 820 667 870 concambium
696 831 948 869 commutari.
996 830 1088 869 Nos
1122 830 1255 883 igitur
1288 830 1418 881 ipsius
1452 831 1519 880 pie
1545 829 1747 868 uoluntati
1780 841 1831 868 ac
1864 830 1981 869 desi-

107 897 224 938 derio
258 899 455 939 laudabili
488 901 737 938 unanimiter
776 899 976 938 inclinati.
1010 910 1091 938 nec
1131 910 1213 938 non
1248 898 1398 937 donnni
1433 897 1617 938 Conradi
1658 899 1737 938 viri
1771 910 1980 938 reueren-

104 968 251 1006 tissimi
283 969 401 1018 tytuli
434 974 582 1008 sancte
608 967 776 1007 Rvss‘ine
810 968 1052 1007 cardinalis.
1105 969 1355 1007 Portuensis
1385 968 1571 1019 episcopi
1607 967 1838 1018 apostolice
1864 967 1981 1006 sedis

106 1036 159 1076 ad
201 1041 344 1088 partes
387 1042 556 1076 nostras
590 1040 687 1077 tunc
731 1038 880 1092 legati.
914 1037 1118 1089 simulque
1158 1037 1418 1076 venerabilis
1462 1038 1594 1087 patris
1635 1038 1766 1075 nostri
1800 1037 1981 1076 vaerti

107 1105 430 1146 Olomvncensis
471 1107 658 1158 episcopi
707 1107 895 1146 consiliis
938 1110 979 1146 et
1019 1106 1394 1146 exhortacionibus
1443 1106 1617 1145 inuitati.
1659 1108 1711 1147 ad
1751 1105 1981 1156 supradicti

107 1175 241 1226 predii
284 1175 336 1214 de
378 1175 584 1215 Ozlawan
626 1188 700 1227 pro
741 1177 822 1215 alio
865 1175 1011 1228 predio
1053 1176 1104 1215 de
1144 1174 1297 1215 Ilm-lm
1338 1176 1680 1226 permutationem
1721 1176 1980 1214 accessimus

105 1248 409 1294 competentem
454 1245 517 1283 Ita
551 1249 688 1284 tamen
716 1245 824 1296 quod
852 1257 875 1284 a
914 1243 1087 1296 prefatis
1111 1245 1298 1296 patribus
1323 1245 1375 1283 ad
1401 1245 1737 1283 conseruandam
1763 1245 1981 1295 utriusque

107 1314 237 1364 partis
264 1313 613 1364 indempnitatem.
641 1314 693 1353 de
720 1314 920 1353 communi
945 1325 1128 1353 assensu
1156 1318 1300 1353 nostro
1329 1318 1369 1353 et
1397 1315 1528 1364 ipsius
1561 1313 1723 1352 domine
1750 1313 1983 1367 Heilwigis

107 1381 193 1420 dati
226 1386 323 1420 sunt
348 1383 467 1421 nobis
503 1384 768 1422 estimatores
803 1381 949 1422 fideles
983 1384 1062 1422 viri
1098 1384 1260 1422 nobiles
1287 1384 1448 1422 scilicet
1484 1384 1551 1422 vir
1584 1383 1689 1422 Leo,
1726 1383 1982 1433 U'oyzlaus.

107 1452 390 1490 Howoritsch.
416 1451 708 1491 'Plieodoricus
745 1457 993 1503 procurator
1017 1453 1166 1491 domini
1197 1453 1336 1506 Regis
1372 1453 1410 1491 in
1446 1453 1622 1503 Znoym.
1657 1453 1725 1503 qui
1758 1452 1865 1490 bona
1902 1451 1981 1491 fide

109 1520 353 1559 iurauerunt
395 1532 443 1559 se
487 1521 527 1559 in
574 1522 793 1573 utriusque
841 1522 974 1572 predii
1016 1523 1286 1561 estimacione
1328 1518 1503 1560 fideliter
1547 1533 1838 1572 processuros.
1903 1520 1984 1569 Qui

108 1589 339 1643 diligenter
371 1590 679 1629 circumeuntes
721 1595 763 1630 et
795 1591 991 1630 sollerter
1030 1591 1353 1630 considerantes
1394 1591 1582 1641 predivm
1622 1590 1674 1629 de
1708 1589 1856 1629 llorka
1890 1601 1981 1629 cum

108 1658 215 1697 silua
255 1662 297 1697 et
339 1659 509 1710 campis.
551 1663 592 1698 et
633 1671 724 1698 cum
757 1660 866 1699 villis
907 1660 1071 1699 duabus
1105 1661 1211 1699 aliis.
1254 1660 1454 1699 videlicet
1487 1658 1719 1699 Har-(lebiz.
1765 1663 1806 1698 et
1841 1658 1979 1699 (loso-

109 1726 272 1766 chowiz
312 1739 402 1766 cum
454 1732 632 1779 quatuor
673 1730 811 1767 terris.
861 1733 903 1768 et
943 1740 999 1770 ex
1039 1729 1174 1768 altera
1225 1729 1412 1781 predium
1463 1729 1515 1767 de
1564 1727 1770 1769 Ozlawan
1820 1731 1862 1767 et
1902 1739 1983 1766 sua.

108 1796 405 1848 appendentia.
438 1797 702 1837 inuenerunt.
744 1802 785 1838 et
806 1799 859 1837 -in
901 1800 1062 1838 animas
1094 1810 1194 1838 suas
1235 1801 1609 1838 asseuerauerunt.
1651 1797 1758 1849 quod
1794 1796 1984 1848 predivm

106 1865 253 1917 predio
288 1866 329 1905 in
361 1878 437 1905 suo
472 1867 616 1917 precio
650 1868 859 1918 equaliter
884 1868 1177 1919 responderet.
1212 1868 1323 1907 vnde
1360 1869 1469 1907 sicut
1502 1867 1840 1918 compromissum
1873 1866 1983 1905 inter

108 1946 186 1975 nos
218 1933 355 1974 fuerat
380 1939 421 1974 et
449 1947 700 1975 consensum
727 1948 867 1976 coram
893 1937 1054 1977 domino
1083 1935 1314 1978 Cardinali.
1347 1941 1388 1976 et
1413 1948 1551 1976 coram
1577 1936 1738 1975 domino
1766 1935 1981 1986 episcopo.

107 2007 283 2044 mutuam
331 2005 676 2055 permutationem
727 2006 1008 2056 predictorum
1061 2006 1297 2057 prediorum
1346 2006 1660 2057 acceptauimus
1709 2005 1890 2044 libenter
1929 2015 1982 2044 ac

109 2076 357 2124 spontanee.
390 2076 472 2112 tum
504 2078 730 2125 propterea
765 2076 860 2127 quia
895 2075 1022 2115 nichil
1057 2076 1233 2115 vidimus
1257 2076 1297 2114 in
1331 2074 1412 2114 hoc
1447 2077 1592 2114 nostre
1625 2073 1812 2113 ecclesie
1847 2073 1982 2125 depe-

108 2143 207 2182 rire.
240 2146 322 2180 tum
351 2143 447 2193 quia
481 2154 536 2182 ex
570 2143 709 2183 debito
734 2145 866 2184 nostri
893 2145 1051 2184 ordinis
1085 2145 1136 2184 ad
1166 2148 1245 2184 tam
1280 2147 1469 2183 sanctum
1494 2144 1750 2195 propositum
1782 2141 1983 2183 fundandi

109 2211 284 2251 claustri
316 2210 520 2251 voluimus
544 2212 653 2252 sicut
686 2213 901 2253 debuimus
928 2215 1152 2265 cooperari
1184 2213 1450 2253 laudabiliter
1483 2216 1525 2252 et
1557 2212 1828 2252 coadiuuare.
1876 2210 1983 2252 Illud

108 2291 274 2333 quoque
315 2280 410 2319 huic
459 2281 621 2335 pagine
661 2287 825 2322 cautum
873 2283 1064 2322 duximus
1106 2282 1382 2322 adnotandum
1433 2282 1541 2334 quod
1588 2281 1780 2333 predicta
1829 2280 1980 2320 nobilis

108 2353 298 2389 matrona
337 2353 381 2388 ut
415 2349 697 2401 indempnitati
732 2356 877 2392 nostre
919 2352 1104 2392 ecclesie
1145 2351 1435 2402 'F1·el)ecensis
1476 2352 1516 2390 in
1556 2350 1637 2390 hac
1678 2350 1980 2402 permutatione

110 2422 286 2458 caueret
319 2419 573 2469 inposterum
606 2419 686 2458 hoc
721 2419 858 2460 effecit
889 2425 934 2461 ut
966 2421 1116 2461 nobilis
1158 2421 1226 2460 vir
1266 2420 1498 2460 Ilartlebus
1531 2431 1668 2470 nepos
1711 2420 1802 2458 elus
1843 2416 1979 2469 siquid

107 2488 214 2527 ivris
246 2487 434 2526 habebat
465 2488 506 2526 in
538 2488 742 2538 predictis
775 2490 934 2540 prediis
969 2490 1020 2529 de
1046 2489 1195 2529 Horka
1227 2489 1269 2528 in
1302 2500 1447 2529 manus
1480 2488 1711 2540 supradicti
1739 2485 1979 2528 Cardinalis

110 2560 152 2596 et
185 2556 334 2596 domini
367 2557 554 2609 episcopi
579 2556 870 2598 olomucensis
903 2571 979 2611 pro
1013 2570 1062 2599 se
1091 2562 1133 2599 et
1164 2570 1240 2610 pro
1274 2559 1363 2598 suis
1394 2557 1720 2598 successoribus
1750 2555 1979 2597 heredibus
