2212 2876
1081 89 1144 130 10

171 233 433 285 peticionem.
467 243 556 270 cum
590 231 769 271 vnanimi
806 234 848 271 et
879 231 1003 283 pleno
1037 243 1251 272 consensu
1284 233 1452 284 capituli
1486 235 1549 274 sui
1584 236 1804 276 cenobium
1836 236 2040 278 Lubense

169 302 279 354 quod
313 313 401 356 ego
434 299 606 340 fundani
639 300 797 339 dotauit
836 301 1022 340 omnibus
1063 302 1282 341 noualibus
1324 302 1495 341 decimis
1529 304 1717 344 uillarum
1757 318 1957 346 nouarum
1999 312 2042 348 et

169 383 371 427 agrorum
404 372 446 409 in
478 374 563 409 toto
596 370 806 409 territorio
840 369 1096 423 legnicensi.
1139 382 1220 422 que
1253 375 1352 410 tunc
1392 370 1560 411 fuerunt
1598 374 1667 412 uel
1707 385 1807 415 esse-
1846 379 2042 426 poterant

168 443 210 481 in
238 440 426 480 futurum.
455 442 536 478 tam
570 439 610 477 in
636 439 841 477 montibus
868 449 987 490 quam
1022 441 1063 478 in
1096 440 1232 491 plano.
1287 440 1505 480 Processu
1533 453 1638 481 uero
1664 444 1863 494 temporis
1894 445 2040 484 eodem

168 512 235 561 pio
272 510 377 561 patri
410 510 518 547 uiam
558 509 758 547 uniuerse
792 509 933 547 carnis
974 509 1192 563 ingresso.
1227 507 1331 549 filius
1379 521 1496 548 meus
1543 511 1774 551 Jarozlaus
1813 517 1913 553 tunc
1953 514 2040 554 dux

167 581 220 619 de
255 579 349 630 opol
381 578 461 617 sibi
502 578 543 616 in
577 578 822 628 episcopatu
862 578 1114 617 succedens.
1149 579 1271 617 sicuti
1311 583 1459 618 contra
1493 591 1557 619 me
1597 584 1760 632 patrem
1799 594 1917 622 suum
1956 595 2039 623 non

169 648 346 687 111111Ιί191
380 648 472 700 egit
503 647 543 685 in
576 646 710 685 multis
745 658 834 685 cum
856 649 956 698 aput
987 647 1233 686 auunculum
1267 659 1398 687 meum
1430 648 1660 689 heinricum
1693 651 1874 702 quintum
1907 652 2041 703 impe-

169 723 348 757 ratorem
382 727 472 755 911111
505 726 595 754 meo
630 716 825 754 exercitu
858 716 898 754 111
925 716 1204 767 expedicione
1237 717 1277 756 in
1311 717 1542 757 lombardia
1572 730 1648 770 per
1680 720 1902 759 triennium
1934 731 2039 760 con-

166 787 373 826 sisterem.
402 786 464 824 sic
491 796 657 837 quoque
685 788 832 823 contra
857 782 1138 825 fundationem
1165 797 1294 825 meam
1312 787 1492 826 lubense
1512 788 1731 828 cenobium
1754 800 2041 844 consurgens.

167 855 440 894 donacionem
466 852 668 905 prefatam
701 854 953 893 decimarum
979 855 1185 894 noualium
1218 857 1513 906 potencialiter
1546 858 1735 897 irritauit.
1785 857 1918 907 Quem
1950 871 2040 900 cum

165 936 256 979 ego
290 924 342 963 ad
376 924 549 975 propria
581 934 785 963 reuersus
819 935 947 974 super
981 925 1043 963 eis
1078 936 1392 964 commonerem.
1427 926 1638 977 respondit
1682 938 1731 966 se
1763 928 1874 967 uelle
1908 930 2040 968 satis-

166 992 312 1033 facere
352 993 488 1033 ordini
522 992 599 1031 sed
632 1004 715 1031 non
751 993 937 1032 claustro
979 993 1158 1032 lubensi.
1208 994 1334 1035 Vnde
1366 996 1529 1034 uocatis
1563 996 1721 1047 aliquot
1753 995 1953 1037 fratribus
1986 998 2039 1038 de

168 1068 287 1114 porta
321 1062 495 1101 contulit
520 1063 582 1101 eis
615 1062 724 1101 mille
751 1074 919 1101 mansos
953 1074 1134 1116 magnos
1158 1064 1199 1101 111
1233 1064 1423 1103 districtu
1457 1064 1633 1104 ducatus
1659 1066 1724 1104 sui
1759 1067 1876 1106 circa
1908 1070 2039 1107 metas

164 1133 355 1171 mor-anie
395 1132 504 1170 inter
544 1131 624 1170 duo
664 1129 828 1170 flumina
878 1131 1136 1189 Ozobloyam
1178 1133 1378 1172 videlicet
1425 1137 1467 1172 91
1512 1134 1760 1173 slradanum
1801 1147 1892 1175 cum
1933 1137 2040 1176 omni

166 1201 440 1240 decimatione
488 1201 597 1239 inter
638 1200 785 1239 eadem
830 1198 994 1239 flumina
1033 1211 1168 1252 usque
1211 1202 1262 1241 ad
1306 1202 1462 1242 Odram
1503 1201 1667 1242 fluuium
1709 1215 1829 1255 quem
1868 1203 2040 1246 influunt

165 1274 207 1309 et
228 1281 303 1310 eos
334 1270 389 1308 ibi
423 1270 463 1308 in
486 1270 578 1309 loco
607 1280 726 1321 quem
758 1270 986 1321 appellauit
1019 1271 1252 1310 Jerozlaue
1292 1272 1528 1311 collocauit.
1577 1273 1641 1312 Eo
1673 1276 1810 1312 autem
1835 1272 2039 1315 defuncto

164 1344 206 1379 91
248 1343 457 1390 potestate
497 1342 613 1378 terre
655 1339 708 1378 ad
748 1350 811 1378 1119
855 1351 1046 1379 reuersa.
1111 1340 1334 1380 Portensis
1375 1345 1622 1381 conuentus.
1664 1342 1856 1394 illiusque
1891 1344 2038 1385 abbas.

164 1413 413 1448 contuentes
455 1409 618 1460 cenobij
662 1409 739 1448 11191
780 1409 969 1448 lubensis
1018 1410 1206 1449 iniuriam
1248 1414 1290 1449 et
1336 1411 1609 1462 preiudicium
1648 1410 1923 1453 manifestum.
1964 1425 2039 1465 per

163 1479 422 1517 sanctionem
457 1489 622 1529 1111011119
649 1479 869 1531 generalis
895 1479 1064 1529 capituli
1097 1479 1205 1530 quod
1232 1480 1508 1530 interpellaui.
1537 1478 1740 1531 prefatam
1765 1481 2038 1523 donacionem

163 1545 230 1597 filij
273 1548 351 1586 mei
393 1558 483 1586 meo
524 1547 701 1586 cenobio
742 1547 935 1587 Lubensi
975 1547 1028 1587 de
1068 1560 1413 1589 meorconsensu
1453 1551 1636 1589 totaliter
1677 1551 1959 1605 resignarunt
1998 1552 2038 1592 in

165 1614 432 1655 refusionem.
475 1616 724 1655 decimarum
765 1617 972 1656 noualium
1021 1618 1315 1668 predictarum.
1381 1618 1475 1668 Qua
1522 1623 1696 1671 propter
1738 1631 1825 1674 ego
1867 1621 2038 1662 eosdem

163 1686 271 1724 mille
304 1697 476 1724 mansos
517 1697 608 1725 eum
648 1686 835 1726 omnibus
876 1688 1114 1738 attinencijS
1154 1689 1243 1726 suis
1285 1688 1497 1728 videlicet.
1537 1690 1671 1740 aquis.
1711 1690 1857 1740 pratis.
1899 1691 2035 1744 agris.

163 1755 295 1793 siluis.
336 1753 565 1794 mellilieiis.
607 1755 779 1794 decimis
811 1759 855 1796 ut
888 1757 1003 1807 prius
1045 1754 1223 1796 fuerunt.
1266 1762 1307 1796 et
1347 1769 1438 1797 cum
1472 1758 1578 1797 omni
1620 1758 1815 1798 libertate
1857 1759 2036 1799 cenobio

165 1824 328 1863 lubensi
367 1824 488 1863 trado
532 1827 573 1863 et
612 1822 806 1863 confirmo
848 1826 888 1864 in
932 1827 1246 1876 possessionem
1286 1827 1531 1881 legittimam
1579 1831 1621 1867 91
1661 1831 1860 1867 eternam.
1925 1829 2037 1868 Acta

162 1896 258 1932 sunt
297 1897 432 1932 autem
472 1893 566 1932 1199.
618 1905 727 1933 anno
771 1894 921 1933 domini
967 1895 1180 1935 millesimo
1228 1895 1512 1936 ducentesimo
1560 1897 1704 1948 primo.
1751 1898 1886 1936 tercio
1933 1897 2034 1937 Idus

163 1962 426 2001 Nouembris.
460 1963 695 2002 Indicssiene
735 1967 897 2015 quarta.
933 1965 1215 2004 attestantibus
1250 1966 1391 2017 probis
1424 1970 1468 2005 et
1501 1963 1580 2005 fide
1615 1966 1760 2020 dignis
1793 1967 1912 2006 viris.
1953 1967 2035 2007 Vi-

162 2031 316 2070 delicet
350 2032 510 2071 domino
546 2031 762 2083 Cypriano
788 2034 989 2085 episcopo
1024 2034 1395 2074 ufratizlauiense
1430 2039 1471 2074 et
1496 2036 1712 2074 canonicis
1737 2036 1841 2076 eius.
1876 2037 2035 2077 Benico

162 2100 338 2139 decano.
372 2102 545 2154 Egydio
580 2102 908 2153 archydiacono.
941 2103 1140 2143 Johanne
1182 2108 1370 2143 cantore.
1411 2105 1630 2159 Magistro
1664 2105 1814 2144 odone.
1848 2106 2035 2146 Mai-tino

162 2170 432 2209 cancellario.
467 2171 625 2210 Felice.
659 2172 851 2223 Mathya.
893 2173 1142 2224 Fryderico.
1175 2173 1417 2213 Laureneio
1453 2179 1494 2214 et
1532 2175 1749 2215 lamberto.
1806 2175 1907 2215 Item
1940 2176 2035 2215 An-

162 2238 266 2277 drea
309 2239 540 2278 castellano
582 2240 887 2294 glogouiense.
920 2242 1124 2281 Nenkero
1159 2244 1391 2282 castellano
1426 2243 1478 2282 de
1511 2244 1781 2284 Bolezlauez.
1815 2244 2034 2296 Stephano

162 2307 394 2346 castellano
436 2308 488 2347 de
529 2309 716 2362 Legniz.
750 2311 990 2364 Ingrammo
1025 2310 1258 2351 castellano
1293 2313 1345 2352 de
1387 2313 1650 2354 wratizlaue.
1683 2313 1864 2353 Voizlao
1897 2314 2034 2354 iudice

163 2377 293 2415 curie.
327 2376 666 2418 Schanztoborio
702 2380 935 2420 castellano
970 2381 1022 2420 de
1056 2381 1306 2421 Zandowel.
1341 2386 1383 2421 et
1423 2382 1516 2422 aliis
1551 2393 1672 2434 quam
1713 2383 1900 2434 pluribus
1932 2383 2034 2423 uiris

162 2445 368 2485 nobilibus
402 2450 443 2485 et
480 2446 682 2486 honestis.
716 2449 864 2488 Amen.

474 2537 524 2569 Ex
538 2538 684 2579 originali
711 2540 740 2570 in
765 2541 856 2580 regio
881 2543 1026 2581 provinc.
1049 2542 1185 2573 archivo
1210 2542 1513 2574 Wratislaviae
1543 2545 1660 2585 accepi
1691 2552 1710 2574 a
1734 2543 1823 2575 I'rof.
1849 2542 2031 2576 Stenzel.
