<?xml version="1.0" encoding="UTF-8"?>
<!DOCTYPE html PUBLIC "-//W3C//DTD XHTML 1.0 Transitional//EN"
    "http://www.w3.org/TR/xhtml1/DTD/xhtml1-transitional.dtd">
<html xmlns="http://www.w3.org/1999/xhtml" xml:lang="en" lang="en">
 <head>
  <title>
</title>
<meta http-equiv="Content-Type" content="text/html;charset=utf-8" />
  <meta name='ocr-system' content='tesseract 3.04.00' />
  <meta name='ocr-capabilities' content='ocr_page ocr_carea ocr_par ocr_line ocrx_word'/>
</head>
<body>
  <div class='ocr_page' id='page_1' title='image "./codexdiplomaticu02morauoft_0204.png"; bbox 0 0 2212 2876; ppageno 0'>
   <div class='ocr_carea' id='block_1_1' title="bbox 1076 78 1180 119">
    <p class='ocr_par' dir='ltr' id='par_1_1' title="bbox 1076 78 1180 119">
     <span class='ocr_line' id='line_1_1' title="bbox 1076 78 1180 119; baseline 0 -1"><span class='ocrx_word' id='word_1_1' title='bbox 1076 78 1180 119; x_wconf 82' lang='lat'><strong>194</strong></span> 
     </span>
    </p>
   </div>
   <div class='ocr_carea' id='block_1_2' title="bbox 965 141 1183 148">
    <p class='ocr_par' dir='ltr' id='par_1_2' title="bbox 965 141 1183 148">
     <span class='ocr_line' id='line_1_2' title="bbox 965 141 1183 148; baseline 0 0"><span class='ocrx_word' id='word_1_2' title='bbox 965 141 1183 148; x_wconf 95' lang='lat' dir='ltr'><strong> </strong></span> 
     </span>
    </p>
   </div>
   <div class='ocr_carea' id='block_1_3' title="bbox 174 220 2095 2561">
    <p class='ocr_par' dir='ltr' id='par_1_3' title="bbox 174 220 2095 2561">
     <span class='ocr_line' id='line_1_3' title="bbox 186 220 2057 276; baseline -0.001 -13"><span class='ocrx_word' id='word_1_3' title='bbox 186 234 435 276; x_wconf 89' lang='lat' dir='ltr'><strong>quocunque</strong></span> <span class='ocrx_word' id='word_1_4' title='bbox 458 222 576 262; x_wconf 89' lang='lat' dir='ltr'><strong>modo</strong></span> <span class='ocrx_word' id='word_1_5' title='bbox 611 221 884 261; x_wconf 80' lang='lat' dir='ltr'><strong>nominentur.</strong></span> <span class='ocrx_word' id='word_1_6' title='bbox 911 230 1011 260; x_wconf 89' lang='lat' dir='ltr'><strong>esse</strong></span> <span class='ocrx_word' id='word_1_7' title='bbox 1036 220 1265 260; x_wconf 87' lang='lat' dir='ltr'><strong>absolutas.</strong></span> <span class='ocrx_word' id='word_1_8' title='bbox 1313 220 1562 261; x_wconf 88' lang='lat' dir='ltr'><strong>Adicientes</strong></span> <span class='ocrx_word' id='word_1_9' title='bbox 1592 225 1636 261; x_wconf 91' lang='lat' dir='ltr'><strong>ut</strong></span> <span class='ocrx_word' id='word_1_10' title='bbox 1660 222 1798 262; x_wconf 89' lang='lat' dir='ltr'><strong>nullus</strong></span> <span class='ocrx_word' id='word_1_11' title='bbox 1828 223 2057 274; x_wconf 84' lang='lat' dir='ltr'><strong>principum</strong></span> 
     </span>
     <span class='ocr_line' id='line_1_4' title="bbox 185 289 2056 342; baseline -0.001 -10"><span class='ocrx_word' id='word_1_12' title='bbox 185 304 479 332; x_wconf 90' lang='lat' dir='ltr'><strong>successorum</strong></span> <span class='ocrx_word' id='word_1_13' title='bbox 504 294 739 330; x_wconf 90' lang='lat' dir='ltr'><strong>nostrorum</strong></span> <span class='ocrx_word' id='word_1_14' title='bbox 766 289 834 328; x_wconf 89' lang='lat' dir='ltr'><strong>uel</strong></span> <span class='ocrx_word' id='word_1_15' title='bbox 859 290 1061 330; x_wconf 88' lang='lat' dir='ltr'><strong>baronum</strong></span> <span class='ocrx_word' id='word_1_16' title='bbox 1086 289 1206 328; x_wconf 90' lang='lat' dir='ltr'><strong>nobis</strong></span> <span class='ocrx_word' id='word_1_17' title='bbox 1230 289 1299 329; x_wconf 91' lang='lat' dir='ltr'><strong>uel</strong></span> <span class='ocrx_word' id='word_1_18' title='bbox 1323 290 1387 329; x_wconf 89' lang='lat' dir='ltr'><strong>eis</strong></span> <span class='ocrx_word' id='word_1_19' title='bbox 1413 290 1696 330; x_wconf 89' lang='lat' dir='ltr'><strong>subiectorum</strong></span> <span class='ocrx_word' id='word_1_20' title='bbox 1722 303 1797 342; x_wconf 90' lang='lat' dir='ltr'><strong>pro</strong></span> <span class='ocrx_word' id='word_1_21' title='bbox 1824 296 2056 332; x_wconf 88' lang='lat' dir='ltr'><strong>castrorum</strong></span> 
     </span>
     <span class='ocr_line' id='line_1_5' title="bbox 185 356 2055 413; baseline -0.001 -12"><span class='ocrx_word' id='word_1_22' title='bbox 185 360 449 402; x_wconf 89' lang='lat' dir='ltr'><strong>edificatione</strong></span> <span class='ocrx_word' id='word_1_23' title='bbox 494 360 563 399; x_wconf 89' lang='lat' dir='ltr'><strong>uel</strong></span> <span class='ocrx_word' id='word_1_24' title='bbox 610 356 926 398; x_wconf 87' lang='lat' dir='ltr'><strong>reedificatione</strong></span> <span class='ocrx_word' id='word_1_25' title='bbox 973 358 1042 398; x_wconf 88' lang='lat' dir='ltr'><strong>uel</strong></span> <span class='ocrx_word' id='word_1_26' title='bbox 1089 358 1229 410; x_wconf 86' lang='lat' dir='ltr'><strong>aliqua</strong></span> <span class='ocrx_word' id='word_1_27' title='bbox 1277 360 1496 413; x_wconf 76' lang='lat' dir='ltr'><strong>ingruenti</strong></span> <span class='ocrx_word' id='word_1_28' title='bbox 1547 359 1817 410; x_wconf 77' lang='lat' dir='ltr'><strong>expeditione</strong></span> <span class='ocrx_word' id='word_1_29' title='bbox 1867 361 2055 400; x_wconf 83' lang='lat' dir='ltr'><strong>homines</strong></span> 
     </span>
     <span class='ocr_line' id='line_1_6' title="bbox 182 427 2054 484; baseline -0.001 -14"><span class='ocrx_word' id='word_1_30' title='bbox 182 429 337 484; x_wconf 92' lang='lat' dir='ltr'><strong>prefati</strong></span> <span class='ocrx_word' id='word_1_31' title='bbox 370 428 610 469; x_wconf 89' lang='lat' dir='ltr'><strong>monasterii</strong></span> <span class='ocrx_word' id='word_1_32' title='bbox 645 427 800 467; x_wconf 83' lang='lat' dir='ltr'><strong>audeat</strong></span> <span class='ocrx_word' id='word_1_33' title='bbox 832 428 1080 479; x_wconf 87' lang='lat' dir='ltr'><strong>inquietare.</strong></span> <span class='ocrx_word' id='word_1_34' title='bbox 1129 428 1210 467; x_wconf 88' lang='lat' dir='ltr'><strong>Jus</strong></span> <span class='ocrx_word' id='word_1_35' title='bbox 1243 431 1380 468; x_wconf 88' lang='lat' dir='ltr'><strong>autem</strong></span> <span class='ocrx_word' id='word_1_36' title='bbox 1413 428 1522 480; x_wconf 91' lang='lat' dir='ltr'><strong>quod</strong></span> <span class='ocrx_word' id='word_1_37' title='bbox 1557 429 1679 468; x_wconf 88' lang='lat' dir='ltr'><strong>datur</strong></span> <span class='ocrx_word' id='word_1_38' title='bbox 1712 441 1786 479; x_wconf 90' lang='lat' dir='ltr'><strong>pro</strong></span> <span class='ocrx_word' id='word_1_39' title='bbox 1820 431 1958 480; x_wconf 88' lang='lat' dir='ltr'><strong>capite</strong></span> <span class='ocrx_word' id='word_1_40' title='bbox 1992 431 2054 469; x_wconf 90' lang='lat' dir='ltr'><strong>eis</strong></span> 
     </span>
     <span class='ocr_line' id='line_1_7' title="bbox 183 494 2054 549; baseline -0.002 -9"><span class='ocrx_word' id='word_1_41' title='bbox 183 499 465 540; x_wconf 88' lang='lat' dir='ltr'><strong>concedimus.</strong></span> <span class='ocrx_word' id='word_1_42' title='bbox 514 497 609 536; x_wconf 91' lang='lat' dir='ltr'><strong>Hoc</strong></span> <span class='ocrx_word' id='word_1_43' title='bbox 644 497 777 536; x_wconf 87' lang='lat' dir='ltr'><strong>eciam</strong></span> <span class='ocrx_word' id='word_1_44' title='bbox 811 496 863 535; x_wconf 90' lang='lat' dir='ltr'><strong>de</strong></span> <span class='ocrx_word' id='word_1_45' title='bbox 898 494 990 535; x_wconf 90' lang='lat' dir='ltr'><strong>fure</strong></span> <span class='ocrx_word' id='word_1_46' title='bbox 1023 500 1273 536; x_wconf 77' lang='lat' dir='ltr'><strong>statuentes,</strong></span> <span class='ocrx_word' id='word_1_47' title='bbox 1298 498 1335 536; x_wconf 90' lang='lat' dir='ltr'><strong>si</strong></span> <span class='ocrx_word' id='word_1_48' title='bbox 1368 498 1409 536; x_wconf 91' lang='lat' dir='ltr'><strong>in</strong></span> <span class='ocrx_word' id='word_1_49' title='bbox 1444 508 1585 537; x_wconf 90' lang='lat' dir='ltr'><strong>eorum</strong></span> <span class='ocrx_word' id='word_1_50' title='bbox 1618 497 1779 537; x_wconf 85' lang='lat' dir='ltr'><strong>habitat</strong></span> <span class='ocrx_word' id='word_1_51' title='bbox 1811 499 2054 549; x_wconf 88' lang='lat' dir='ltr'><strong>possessio-</strong></span> 
     </span>
     <span class='ocr_line' id='line_1_8' title="bbox 183 563 2052 618; baseline -0.001 -9"><span class='ocrx_word' id='word_1_52' title='bbox 183 569 306 610; x_wconf 89' lang='lat' dir='ltr'><strong>nibus</strong></span> <span class='ocrx_word' id='word_1_53' title='bbox 340 571 382 607; x_wconf 89' lang='lat' dir='ltr'><strong>et</strong></span> <span class='ocrx_word' id='word_1_54' title='bbox 406 566 699 617; x_wconf 87' lang='lat' dir='ltr'><strong>deprehensus</strong></span> <span class='ocrx_word' id='word_1_55' title='bbox 733 563 870 604; x_wconf 89' lang='lat' dir='ltr'><strong>fuerit.</strong></span> <span class='ocrx_word' id='word_1_56' title='bbox 896 566 937 604; x_wconf 91' lang='lat' dir='ltr'><strong>in</strong></span> <span class='ocrx_word' id='word_1_57' title='bbox 969 563 1079 605; x_wconf 93' lang='lat' dir='ltr'><strong>furto</strong></span> <span class='ocrx_word' id='word_1_58' title='bbox 1112 564 1331 606; x_wconf 86' lang='lat' dir='ltr'><strong>manifesto</strong></span> <span class='ocrx_word' id='word_1_59' title='bbox 1360 566 1429 605; x_wconf 90' lang='lat' dir='ltr'><strong>uel</strong></span> <span class='ocrx_word' id='word_1_60' title='bbox 1462 567 1600 618; x_wconf 89' lang='lat' dir='ltr'><strong>aliquo</strong></span> <span class='ocrx_word' id='word_1_61' title='bbox 1627 567 1788 606; x_wconf 83' lang='lat' dir='ltr'><strong>occulto</strong></span> <span class='ocrx_word' id='word_1_62' title='bbox 1814 570 2052 607; x_wconf 81' lang='lat' dir='ltr'><strong>accusetur.</strong></span> 
     </span>
     <span class='ocr_line' id='line_1_9' title="bbox 183 633 2053 688; baseline -0.002 -10"><span class='ocrx_word' id='word_1_63' title='bbox 183 638 383 679; x_wconf 89' lang='lat' dir='ltr'><strong>videlicet</strong></span> <span class='ocrx_word' id='word_1_64' title='bbox 416 635 554 688; x_wconf 89' lang='lat' dir='ltr'><strong>quoad</strong></span> <span class='ocrx_word' id='word_1_65' title='bbox 588 635 780 674; x_wconf 88' lang='lat' dir='ltr'><strong>iudicium</strong></span> <span class='ocrx_word' id='word_1_66' title='bbox 814 633 916 674; x_wconf 89' lang='lat' dir='ltr'><strong>ferri</strong></span> <span class='ocrx_word' id='word_1_67' title='bbox 949 635 1184 674; x_wconf 88' lang='lat' dir='ltr'><strong>candentis.</strong></span> <span class='ocrx_word' id='word_1_68' title='bbox 1217 635 1287 674; x_wconf 91' lang='lat' dir='ltr'><strong>uel</strong></span> <span class='ocrx_word' id='word_1_69' title='bbox 1328 646 1450 687; x_wconf 90' lang='lat' dir='ltr'><strong>aque.</strong></span> <span class='ocrx_word' id='word_1_70' title='bbox 1482 636 1551 674; x_wconf 92' lang='lat' dir='ltr'><strong>uel</strong></span> <span class='ocrx_word' id='word_1_71' title='bbox 1584 646 1779 675; x_wconf 91' lang='lat' dir='ltr'><strong>uomeres</strong></span> <span class='ocrx_word' id='word_1_72' title='bbox 1813 635 2053 675; x_wconf 84' lang='lat' dir='ltr'><strong>calcandos.</strong></span> 
     </span>
     <span class='ocr_line' id='line_1_10' title="bbox 180 704 2053 756; baseline -0.002 -9"><span class='ocrx_word' id='word_1_73' title='bbox 180 708 251 748; x_wconf 89' lang='lat' dir='ltr'><strong>uel</strong></span> <span class='ocrx_word' id='word_1_74' title='bbox 302 705 439 746; x_wconf 84' lang='lat' dir='ltr'><strong>duelli.</strong></span> <span class='ocrx_word' id='word_1_75' title='bbox 489 709 531 744; x_wconf 91' lang='lat' dir='ltr'><strong>et</strong></span> <span class='ocrx_word' id='word_1_76' title='bbox 573 705 850 744; x_wconf 87' lang='lat' dir='ltr'><strong>conuincatur</strong></span> <span class='ocrx_word' id='word_1_77' title='bbox 893 704 934 743; x_wconf 89' lang='lat' dir='ltr'><strong>in</strong></span> <span class='ocrx_word' id='word_1_78' title='bbox 984 704 1123 756; x_wconf 91' lang='lat' dir='ltr'><strong>aliquo</strong></span> <span class='ocrx_word' id='word_1_79' title='bbox 1171 705 1342 743; x_wconf 90' lang='lat' dir='ltr'><strong>istorum</strong></span> <span class='ocrx_word' id='word_1_80' title='bbox 1388 706 1430 743; x_wconf 90' lang='lat' dir='ltr'><strong>in</strong></span> <span class='ocrx_word' id='word_1_81' title='bbox 1476 705 1629 744; x_wconf 92' lang='lat' dir='ltr'><strong>iudicio</strong></span> <span class='ocrx_word' id='word_1_82' title='bbox 1670 705 1867 744; x_wconf 88' lang='lat' dir='ltr'><strong>seculari.</strong></span> <span class='ocrx_word' id='word_1_83' title='bbox 1920 704 2053 744; x_wconf 86' lang='lat' dir='ltr'><strong>eidem</strong></span> 
     </span>
     <span class='ocr_line' id='line_1_11' title="bbox 178 771 2054 827; baseline -0.001 -11"><span class='ocrx_word' id='word_1_84' title='bbox 178 776 432 817; x_wconf 85' lang='lat' dir='ltr'><strong>monasterio</strong></span> <span class='ocrx_word' id='word_1_85' title='bbox 482 774 594 814; x_wconf 89' lang='lat' dir='ltr'><strong>bona</strong></span> <span class='ocrx_word' id='word_1_86' title='bbox 641 771 744 812; x_wconf 85' lang='lat' dir='ltr'><strong>suris</strong></span> <span class='ocrx_word' id='word_1_87' title='bbox 792 773 883 812; x_wconf 89' lang='lat' dir='ltr'><strong>siue</strong></span> <span class='ocrx_word' id='word_1_88' title='bbox 931 773 994 812; x_wconf 90' lang='lat' dir='ltr'><strong>rei</strong></span> <span class='ocrx_word' id='word_1_89' title='bbox 1040 773 1312 827; x_wconf 78' lang='lat' dir='ltr'><strong>integraliter</strong></span> <span class='ocrx_word' id='word_1_90' title='bbox 1362 778 1619 813; x_wconf 79' lang='lat' dir='ltr'><strong>remaneant.</strong></span> <span class='ocrx_word' id='word_1_91' title='bbox 1690 774 1869 814; x_wconf 85' lang='lat' dir='ltr'><strong>Judices</strong></span> <span class='ocrx_word' id='word_1_92' title='bbox 1918 777 2054 814; x_wconf 90' lang='lat' dir='ltr'><strong>autem</strong></span> 
     </span>
     <span class='ocr_line' id='line_1_12' title="bbox 181 840 2052 898; baseline -0.002 -13"><span class='ocrx_word' id='word_1_93' title='bbox 181 857 352 898; x_wconf 89' lang='lat' dir='ltr'><strong>quorum</strong></span> <span class='ocrx_word' id='word_1_94' title='bbox 384 845 563 883; x_wconf 88' lang='lat' dir='ltr'><strong>interest</strong></span> <span class='ocrx_word' id='word_1_95' title='bbox 589 840 747 882; x_wconf 87' lang='lat' dir='ltr'><strong>saciant</strong></span> <span class='ocrx_word' id='word_1_96' title='bbox 780 842 832 881; x_wconf 91' lang='lat' dir='ltr'><strong>de</strong></span> <span class='ocrx_word' id='word_1_97' title='bbox 859 853 910 881; x_wconf 90' lang='lat' dir='ltr'><strong>eo</strong></span> <span class='ocrx_word' id='word_1_98' title='bbox 946 842 1053 893; x_wconf 91' lang='lat' dir='ltr'><strong>quod</strong></span> <span class='ocrx_word' id='word_1_99' title='bbox 1079 843 1141 882; x_wconf 92' lang='lat' dir='ltr'><strong>eis</strong></span> <span class='ocrx_word' id='word_1_100' title='bbox 1175 844 1323 881; x_wconf 89' lang='lat' dir='ltr'><strong>iustum</strong></span> <span class='ocrx_word' id='word_1_101' title='bbox 1351 843 1574 882; x_wconf 88' lang='lat' dir='ltr'><strong>uidebitur.</strong></span> <span class='ocrx_word' id='word_1_102' title='bbox 1624 843 1672 884; x_wconf 88' lang='lat' dir='ltr'><strong>Si</strong></span> <span class='ocrx_word' id='word_1_103' title='bbox 1703 846 1840 883; x_wconf 90' lang='lat' dir='ltr'><strong>autem</strong></span> <span class='ocrx_word' id='word_1_104' title='bbox 1864 843 2052 882; x_wconf 86' lang='lat' dir='ltr'><strong>homines</strong></span> 
     </span>
     <span class='ocr_line' id='line_1_13' title="bbox 180 911 2052 962; baseline -0.002 -7"><span class='ocrx_word' id='word_1_105' title='bbox 180 915 367 956; x_wconf 86' lang='lat' dir='ltr'><strong>eiusdem</strong></span> <span class='ocrx_word' id='word_1_106' title='bbox 399 913 640 953; x_wconf 88' lang='lat' dir='ltr'><strong>monasterii</strong></span> <span class='ocrx_word' id='word_1_107' title='bbox 667 924 807 951; x_wconf 86' lang='lat' dir='ltr'><strong>coram</strong></span> <span class='ocrx_word' id='word_1_108' title='bbox 835 911 1041 951; x_wconf 89' lang='lat' dir='ltr'><strong>iudicibus</strong></span> <span class='ocrx_word' id='word_1_109' title='bbox 1065 912 1223 950; x_wconf 90' lang='lat' dir='ltr'><strong>nostris</strong></span> <span class='ocrx_word' id='word_1_110' title='bbox 1249 911 1483 962; x_wconf 78' lang='lat' dir='ltr'><strong>culpabiles</strong></span> <span class='ocrx_word' id='word_1_111' title='bbox 1513 913 1790 951; x_wconf 88' lang='lat' dir='ltr'><strong>inueniantur.</strong></span> <span class='ocrx_word' id='word_1_112' title='bbox 1824 923 1903 951; x_wconf 86' lang='lat' dir='ltr'><strong>nec</strong></span> <span class='ocrx_word' id='word_1_113' title='bbox 1931 912 2052 951; x_wconf 88' lang='lat' dir='ltr'><strong>nobis</strong></span> 
     </span>
     <span class='ocr_line' id='line_1_14' title="bbox 178 978 2052 1032; baseline -0.003 -7"><span class='ocrx_word' id='word_1_114' title='bbox 178 996 259 1025; x_wconf 88' lang='lat' dir='ltr'><strong>nec</strong></span> <span class='ocrx_word' id='word_1_115' title='bbox 293 983 498 1022; x_wconf 90' lang='lat' dir='ltr'><strong>iudicibus</strong></span> <span class='ocrx_word' id='word_1_116' title='bbox 533 982 688 1021; x_wconf 85' lang='lat' dir='ltr'><strong>nostris</strong></span> <span class='ocrx_word' id='word_1_117' title='bbox 722 981 950 1020; x_wconf 89' lang='lat' dir='ltr'><strong>curialibus</strong></span> <span class='ocrx_word' id='word_1_118' title='bbox 984 980 1053 1019; x_wconf 89' lang='lat' dir='ltr'><strong>uel</strong></span> <span class='ocrx_word' id='word_1_119' title='bbox 1086 978 1368 1019; x_wconf 86' lang='lat' dir='ltr'><strong>beneficiariis</strong></span> <span class='ocrx_word' id='word_1_120' title='bbox 1409 981 1564 1032; x_wconf 86' lang='lat' dir='ltr'><strong>aliquid</strong></span> <span class='ocrx_word' id='word_1_121' title='bbox 1597 982 1696 1020; x_wconf 91' lang='lat' dir='ltr'><strong>inde</strong></span> <span class='ocrx_word' id='word_1_122' title='bbox 1729 981 1917 1020; x_wconf 85' lang='lat' dir='ltr'><strong>utilitatis</strong></span> <span class='ocrx_word' id='word_1_123' title='bbox 1951 993 2052 1032; x_wconf 91' lang='lat' dir='ltr'><strong>pro-</strong></span> 
     </span>
     <span class='ocr_line' id='line_1_15' title="bbox 176 1049 2095 1102; baseline -0.003 -8"><span class='ocrx_word' id='word_1_124' title='bbox 176 1054 333 1094; x_wconf 88' lang='lat' dir='ltr'><strong>ueniat.</strong></span> <span class='ocrx_word' id='word_1_125' title='bbox 376 1052 454 1091; x_wconf 89' lang='lat' dir='ltr'><strong>sed</strong></span> <span class='ocrx_word' id='word_1_126' title='bbox 487 1054 585 1102; x_wconf 87' lang='lat' dir='ltr'><strong>aput</strong></span> <span class='ocrx_word' id='word_1_127' title='bbox 626 1050 761 1089; x_wconf 85' lang='lat' dir='ltr'><strong>iddem</strong></span> <span class='ocrx_word' id='word_1_128' title='bbox 795 1050 1012 1089; x_wconf 87' lang='lat' dir='ltr'><strong>cenobium</strong></span> <span class='ocrx_word' id='word_1_129' title='bbox 1055 1050 1176 1100; x_wconf 80' lang='lat' dir='ltr'><strong>culpe</strong></span> <span class='ocrx_word' id='word_1_130' title='bbox 1216 1054 1471 1101; x_wconf 85' lang='lat' dir='ltr'><strong>perseueret</strong></span> <span class='ocrx_word' id='word_1_131' title='bbox 1509 1049 1757 1090; x_wconf 80' lang='lat' dir='ltr'><strong>satisfactio.</strong></span> <span class='ocrx_word' id='word_1_132' title='bbox 1800 1051 1879 1090; x_wconf 91' lang='lat' dir='ltr'><strong>nisi</strong></span> <span class='ocrx_word' id='word_1_133' title='bbox 1919 1051 1960 1089; x_wconf 89' lang='lat' dir='ltr'><strong>in</strong></span> <span class='ocrx_word' id='word_1_134' title='bbox 2001 1061 2051 1089; x_wconf 88' lang='lat' dir='ltr'><strong>eo</strong></span> <span class='ocrx_word' id='word_1_135' title='bbox 2091 1098 2095 1101; x_wconf 28' lang='grc' dir='ltr'>ι</span> 
     </span>
     <span class='ocr_line' id='line_1_16' title="bbox 177 1117 2051 1174; baseline -0.003 -11"><span class='ocrx_word' id='word_1_136' title='bbox 177 1124 220 1163; x_wconf 90' lang='lat' dir='ltr'><strong>in</strong></span> <span class='ocrx_word' id='word_1_137' title='bbox 261 1134 339 1174; x_wconf 93' lang='lat' dir='ltr'><strong>quo</strong></span> <span class='ocrx_word' id='word_1_138' title='bbox 379 1125 547 1161; x_wconf 89' lang='lat' dir='ltr'><strong>tenetur</strong></span> <span class='ocrx_word' id='word_1_139' title='bbox 586 1118 837 1159; x_wconf 81' lang='lat' dir='ltr'><strong>satisfacere</strong></span> <span class='ocrx_word' id='word_1_140' title='bbox 878 1119 1141 1158; x_wconf 87' lang='lat' dir='ltr'><strong>aduersario.</strong></span> <span class='ocrx_word' id='word_1_141' title='bbox 1207 1117 1405 1159; x_wconf 83' lang='lat' dir='ltr'><strong>Ceterum</strong></span> <span class='ocrx_word' id='word_1_142' title='bbox 1443 1123 1488 1159; x_wconf 93' lang='lat' dir='ltr'><strong>ut</strong></span> <span class='ocrx_word' id='word_1_143' title='bbox 1529 1120 1662 1159; x_wconf 83' lang='lat' dir='ltr'><strong>onmia</strong></span> <span class='ocrx_word' id='word_1_144' title='bbox 1705 1120 1894 1159; x_wconf 90' lang='lat' dir='ltr'><strong>breuiter</strong></span> <span class='ocrx_word' id='word_1_145' title='bbox 1937 1131 2051 1158; x_wconf 90' lang='lat' dir='ltr'><strong>com-</strong></span> 
     </span>
     <span class='ocr_line' id='line_1_17' title="bbox 177 1188 2051 1245; baseline -0.002 -14"><span class='ocrx_word' id='word_1_146' title='bbox 177 1191 486 1245; x_wconf 88' lang='lat' dir='ltr'><strong>prehendamus</strong></span> <span class='ocrx_word' id='word_1_147' title='bbox 521 1200 680 1229; x_wconf 88' lang='lat' dir='ltr'><strong>omnem</strong></span> <span class='ocrx_word' id='word_1_148' title='bbox 707 1189 925 1228; x_wconf 84' lang='lat' dir='ltr'><strong>utilitatem</strong></span> <span class='ocrx_word' id='word_1_149' title='bbox 949 1199 1030 1240; x_wconf 91' lang='lat' dir='ltr'><strong>que</strong></span> <span class='ocrx_word' id='word_1_150' title='bbox 1055 1191 1220 1240; x_wconf 83' lang='lat' dir='ltr'><strong>spectat</strong></span> <span class='ocrx_word' id='word_1_151' title='bbox 1253 1188 1305 1227; x_wconf 93' lang='lat' dir='ltr'><strong>ad</strong></span> <span class='ocrx_word' id='word_1_152' title='bbox 1330 1200 1433 1227; x_wconf 90' lang='lat' dir='ltr'><strong>usus</strong></span> <span class='ocrx_word' id='word_1_153' title='bbox 1469 1192 1637 1228; x_wconf 85' lang='lat' dir='ltr'><strong>nostros</strong></span> <span class='ocrx_word' id='word_1_154' title='bbox 1661 1189 1729 1228; x_wconf 89' lang='lat' dir='ltr'><strong>uel</strong></span> <span class='ocrx_word' id='word_1_155' title='bbox 1753 1200 2051 1228; x_wconf 87' lang='lat' dir='ltr'><strong>successorum</strong></span> 
     </span>
     <span class='ocr_line' id='line_1_18' title="bbox 176 1256 2050 1302; baseline -0.002 0"><span class='ocrx_word' id='word_1_156' title='bbox 176 1266 411 1302; x_wconf 91' lang='lat' dir='ltr'><strong>nostrorum</strong></span> <span class='ocrx_word' id='word_1_157' title='bbox 451 1259 520 1298; x_wconf 88' lang='lat' dir='ltr'><strong>uel</strong></span> <span class='ocrx_word' id='word_1_158' title='bbox 561 1256 858 1298; x_wconf 86' lang='lat' dir='ltr'><strong>beneficiarios</strong></span> <span class='ocrx_word' id='word_1_159' title='bbox 899 1261 1080 1297; x_wconf 91' lang='lat' dir='ltr'><strong>nostros.</strong></span> <span class='ocrx_word' id='word_1_160' title='bbox 1121 1268 1146 1297; x_wconf 93' lang='lat' dir='ltr'><strong>a</strong></span> <span class='ocrx_word' id='word_1_161' title='bbox 1180 1258 1301 1297; x_wconf 88' lang='lat' dir='ltr'><strong>nobis</strong></span> <span class='ocrx_word' id='word_1_162' title='bbox 1340 1256 1593 1297; x_wconf 82' lang='lat' dir='ltr'><strong>infeudatos.</strong></span> <span class='ocrx_word' id='word_1_163' title='bbox 1635 1258 1674 1297; x_wconf 89' lang='lat' dir='ltr'><strong>ei</strong></span> <span class='ocrx_word' id='word_1_164' title='bbox 1714 1259 1967 1297; x_wconf 85' lang='lat' dir='ltr'><strong>remittimus.</strong></span> <span class='ocrx_word' id='word_1_165' title='bbox 2008 1263 2050 1298; x_wconf 87' lang='lat' dir='ltr'><strong>ut</strong></span> 
     </span>
     <span class='ocr_line' id='line_1_19' title="bbox 176 1313 2048 1384; baseline -0.002 -13"><span class='ocrx_word' id='word_1_166' title='bbox 176 1332 302 1384; x_wconf 86' lang='lat' dir='ltr'><strong>plena</strong></span> <span class='ocrx_word' id='word_1_167' title='bbox 343 1332 385 1369; x_wconf 92' lang='lat' dir='ltr'><strong>et</strong></span> <span class='ocrx_word' id='word_1_168' title='bbox 434 1326 625 1380; x_wconf 86' lang='lat' dir='ltr'><strong>perfecta</strong></span> <span class='ocrx_word' id='word_1_169' title='bbox 666 1327 859 1382; x_wconf 78' lang='lat' dir='ltr'><strong>gaudeat</strong></span> <span class='ocrx_word' id='word_1_170' title='bbox 897 1313 1107 1366; x_wconf 84' lang='lat' dir='ltr'><strong>libertate.</strong></span> <span class='ocrx_word' id='word_1_171' title='bbox 1171 1327 1226 1366; x_wconf 84' lang='lat' dir='ltr'><strong>Et</strong></span> <span class='ocrx_word' id='word_1_172' title='bbox 1271 1330 1314 1366; x_wconf 84' lang='lat' dir='ltr'><strong>ut</strong></span> <span class='ocrx_word' id='word_1_173' title='bbox 1356 1327 1490 1366; x_wconf 89' lang='lat' dir='ltr'><strong>nullus</strong></span> <span class='ocrx_word' id='word_1_174' title='bbox 1532 1328 1570 1366; x_wconf 88' lang='lat' dir='ltr'><strong>ei</strong></span> <span class='ocrx_word' id='word_1_175' title='bbox 1611 1339 1744 1366; x_wconf 88' lang='lat' dir='ltr'><strong>nouas</strong></span> <span class='ocrx_word' id='word_1_176' title='bbox 1785 1327 2048 1367; x_wconf 86' lang='lat' dir='ltr'><strong>conditiones</strong></span> 
     </span>
     <span class='ocr_line' id='line_1_20' title="bbox 176 1396 2048 1448; baseline -0.002 -8"><span class='ocrx_word' id='word_1_177' title='bbox 176 1403 324 1440; x_wconf 89' lang='lat' dir='ltr'><strong>contra</strong></span> <span class='ocrx_word' id='word_1_178' title='bbox 357 1401 502 1437; x_wconf 89' lang='lat' dir='ltr'><strong>nostra</strong></span> <span class='ocrx_word' id='word_1_179' title='bbox 535 1400 690 1437; x_wconf 84' lang='lat' dir='ltr'><strong>statuta</strong></span> <span class='ocrx_word' id='word_1_180' title='bbox 723 1396 878 1437; x_wconf 85' lang='lat' dir='ltr'><strong>audeat</strong></span> <span class='ocrx_word' id='word_1_181' title='bbox 910 1397 1136 1448; x_wconf 83' lang='lat' dir='ltr'><strong>imponere.</strong></span> <span class='ocrx_word' id='word_1_182' title='bbox 1170 1396 1240 1437; x_wconf 89' lang='lat' dir='ltr'><strong>uel</strong></span> <span class='ocrx_word' id='word_1_183' title='bbox 1273 1397 1364 1435; x_wconf 86' lang='lat' dir='ltr'><strong>eius</strong></span> <span class='ocrx_word' id='word_1_184' title='bbox 1405 1397 1494 1436; x_wconf 90' lang='lat' dir='ltr'><strong>iura</strong></span> <span class='ocrx_word' id='word_1_185' title='bbox 1528 1397 1755 1436; x_wconf 85' lang='lat' dir='ltr'><strong>immutare.</strong></span> <span class='ocrx_word' id='word_1_186' title='bbox 1819 1396 2048 1437; x_wconf 84' lang='lat' dir='ltr'><strong>Statuimus</strong></span> 
     </span>
     <span class='ocr_line' id='line_1_21' title="bbox 176 1465 2048 1517; baseline -0.002 -8"><span class='ocrx_word' id='word_1_187' title='bbox 176 1471 308 1510; x_wconf 87' lang='lat' dir='ltr'><strong>eciam</strong></span> <span class='ocrx_word' id='word_1_188' title='bbox 351 1471 395 1508; x_wconf 92' lang='lat' dir='ltr'><strong>ut</strong></span> <span class='ocrx_word' id='word_1_189' title='bbox 429 1467 565 1506; x_wconf 91' lang='lat' dir='ltr'><strong>nullus</strong></span> <span class='ocrx_word' id='word_1_190' title='bbox 607 1466 865 1506; x_wconf 81' lang='lat' dir='ltr'><strong>camerarius</strong></span> <span class='ocrx_word' id='word_1_191' title='bbox 907 1467 1032 1505; x_wconf 88' lang='lat' dir='ltr'><strong>intret</strong></span> <span class='ocrx_word' id='word_1_192' title='bbox 1071 1465 1193 1506; x_wconf 85' lang='lat' dir='ltr'><strong>uillas</strong></span> <span class='ocrx_word' id='word_1_193' title='bbox 1233 1466 1475 1505; x_wconf 85' lang='lat' dir='ltr'><strong>monasterii</strong></span> <span class='ocrx_word' id='word_1_194' title='bbox 1516 1466 1568 1505; x_wconf 89' lang='lat' dir='ltr'><strong>ad</strong></span> <span class='ocrx_word' id='word_1_195' title='bbox 1609 1466 1785 1517; x_wconf 84' lang='lat' dir='ltr'><strong>aliquem</strong></span> <span class='ocrx_word' id='word_1_196' title='bbox 1828 1466 2048 1505; x_wconf 87' lang='lat' dir='ltr'><strong>citandum.</strong></span> 
     </span>
     <span class='ocr_line' id='line_1_22' title="bbox 174 1533 2048 1589; baseline -0.002 -11"><span class='ocrx_word' id='word_1_197' title='bbox 174 1538 243 1578; x_wconf 90' lang='lat' dir='ltr'><strong>uel</strong></span> <span class='ocrx_word' id='word_1_198' title='bbox 284 1537 336 1577; x_wconf 90' lang='lat' dir='ltr'><strong>ad</strong></span> <span class='ocrx_word' id='word_1_199' title='bbox 378 1536 532 1588; x_wconf 89' lang='lat' dir='ltr'><strong>aliquid</strong></span> <span class='ocrx_word' id='word_1_200' title='bbox 574 1536 629 1575; x_wconf 92' lang='lat' dir='ltr'><strong>ibi</strong></span> <span class='ocrx_word' id='word_1_201' title='bbox 669 1534 916 1575; x_wconf 88' lang='lat' dir='ltr'><strong>faciendum.</strong></span> <span class='ocrx_word' id='word_1_202' title='bbox 960 1535 1036 1574; x_wconf 90' lang='lat' dir='ltr'><strong>sed</strong></span> <span class='ocrx_word' id='word_1_203' title='bbox 1089 1533 1304 1589; x_wconf 85' lang='lat' dir='ltr'><strong>significet</strong></span> <span class='ocrx_word' id='word_1_204' title='bbox 1344 1536 1607 1586; x_wconf 87' lang='lat' dir='ltr'><strong>procuratori</strong></span> <span class='ocrx_word' id='word_1_205' title='bbox 1648 1535 1791 1575; x_wconf 90' lang='lat' dir='ltr'><strong>domus</strong></span> <span class='ocrx_word' id='word_1_206' title='bbox 1832 1535 1940 1574; x_wconf 90' lang='lat' dir='ltr'><strong>illius</strong></span> <span class='ocrx_word' id='word_1_207' title='bbox 1983 1536 2048 1575; x_wconf 85' lang='lat' dir='ltr'><strong>cui</strong></span> 
     </span>
     <span class='ocr_line' id='line_1_23' title="bbox 176 1596 2049 1655; baseline -0.001 -8"><span class='ocrx_word' id='word_1_208' title='bbox 176 1608 311 1648; x_wconf 87' lang='lat' dir='ltr'><strong>abbas</strong></span> <span class='ocrx_word' id='word_1_209' title='bbox 345 1618 435 1645; x_wconf 85' lang='lat' dir='ltr'><strong>cum</strong></span> <span class='ocrx_word' id='word_1_210' title='bbox 468 1604 667 1645; x_wconf 89' lang='lat' dir='ltr'><strong>fratribus</strong></span> <span class='ocrx_word' id='word_1_211' title='bbox 708 1605 907 1644; x_wconf 88' lang='lat' dir='ltr'><strong>commisit</strong></span> <span class='ocrx_word' id='word_1_212' title='bbox 948 1596 1283 1655; x_wconf 77' lang='lat' dir='ltr'><strong>procurationem</strong></span> <span class='ocrx_word' id='word_1_213' title='bbox 1317 1605 1357 1644; x_wconf 88' lang='lat' dir='ltr'><strong>in</strong></span> <span class='ocrx_word' id='word_1_214' title='bbox 1399 1605 1711 1655; x_wconf 78' lang='lat' dir='ltr'><strong>temporalibus,</strong></span> <span class='ocrx_word' id='word_1_215' title='bbox 1744 1609 1787 1644; x_wconf 91' lang='lat' dir='ltr'><strong>ut</strong></span> <span class='ocrx_word' id='word_1_216' title='bbox 1819 1616 1894 1644; x_wconf 90' lang='lat' dir='ltr'><strong>eos</strong></span> <span class='ocrx_word' id='word_1_217' title='bbox 1928 1605 2049 1645; x_wconf 88' lang='lat' dir='ltr'><strong>citari</strong></span> 
     </span>
     <span class='ocr_line' id='line_1_24' title="bbox 175 1673 2047 1727; baseline -0.002 -10"><span class='ocrx_word' id='word_1_218' title='bbox 175 1675 303 1717; x_wconf 86' lang='lat' dir='ltr'><strong>saciat</strong></span> <span class='ocrx_word' id='word_1_219' title='bbox 336 1676 405 1727; x_wconf 88' lang='lat' dir='ltr'><strong>qui</strong></span> <span class='ocrx_word' id='word_1_220' title='bbox 438 1678 534 1714; x_wconf 89' lang='lat' dir='ltr'><strong>sunt</strong></span> <span class='ocrx_word' id='word_1_221' title='bbox 568 1673 735 1712; x_wconf 87' lang='lat' dir='ltr'><strong>citandi.</strong></span> <span class='ocrx_word' id='word_1_222' title='bbox 770 1677 976 1725; x_wconf 89' lang='lat' dir='ltr'><strong>quatenus</strong></span> <span class='ocrx_word' id='word_1_223' title='bbox 1010 1673 1077 1712; x_wconf 90' lang='lat' dir='ltr'><strong>die</strong></span> <span class='ocrx_word' id='word_1_224' title='bbox 1111 1677 1153 1712; x_wconf 89' lang='lat' dir='ltr'><strong>et</strong></span> <span class='ocrx_word' id='word_1_225' title='bbox 1184 1674 1276 1713; x_wconf 92' lang='lat' dir='ltr'><strong>loco</strong></span> <span class='ocrx_word' id='word_1_226' title='bbox 1320 1673 1593 1713; x_wconf 89' lang='lat' dir='ltr'><strong>determinato</strong></span> <span class='ocrx_word' id='word_1_227' title='bbox 1628 1685 1703 1713; x_wconf 90' lang='lat' dir='ltr'><strong>eos</strong></span> <span class='ocrx_word' id='word_1_228' title='bbox 1737 1685 1878 1712; x_wconf 88' lang='lat' dir='ltr'><strong>coram</strong></span> <span class='ocrx_word' id='word_1_229' title='bbox 1911 1674 2047 1714; x_wconf 86' lang='lat' dir='ltr'><strong>iudice</strong></span> 
     </span>
     <span class='ocr_line' id='line_1_25' title="bbox 175 1742 2047 1797; baseline -0.002 -11"><span class='ocrx_word' id='word_1_230' title='bbox 175 1749 345 1786; x_wconf 89' lang='lat' dir='ltr'><strong>statuat.</strong></span> <span class='ocrx_word' id='word_1_231' title='bbox 379 1756 549 1796; x_wconf 92' lang='lat' dir='ltr'><strong>quorum</strong></span> <span class='ocrx_word' id='word_1_232' title='bbox 575 1744 756 1783; x_wconf 84' lang='lat' dir='ltr'><strong>interest</strong></span> <span class='ocrx_word' id='word_1_233' title='bbox 788 1754 944 1781; x_wconf 84' lang='lat' dir='ltr'><strong>causas</strong></span> <span class='ocrx_word' id='word_1_234' title='bbox 971 1746 1012 1781; x_wconf 93' lang='lat' dir='ltr'><strong>et</strong></span> <span class='ocrx_word' id='word_1_235' title='bbox 1045 1743 1231 1796; x_wconf 87' lang='lat' dir='ltr'><strong>negocia</strong></span> <span class='ocrx_word' id='word_1_236' title='bbox 1255 1743 1384 1797; x_wconf 84' lang='lat' dir='ltr'><strong>regni</strong></span> <span class='ocrx_word' id='word_1_237' title='bbox 1417 1743 1549 1782; x_wconf 90' lang='lat' dir='ltr'><strong>nostri</strong></span> <span class='ocrx_word' id='word_1_238' title='bbox 1574 1746 1760 1782; x_wconf 86' lang='lat' dir='ltr'><strong>tractare</strong></span> <span class='ocrx_word' id='word_1_239' title='bbox 1794 1746 1835 1781; x_wconf 91' lang='lat' dir='ltr'><strong>et</strong></span> <span class='ocrx_word' id='word_1_240' title='bbox 1859 1742 2047 1784; x_wconf 86' lang='lat' dir='ltr'><strong>diffinire.</strong></span> 
     </span>
     <span class='ocr_line' id='line_1_26' title="bbox 175 1810 2046 1866; baseline -0.003 -9"><span class='ocrx_word' id='word_1_241' title='bbox 175 1816 222 1857; x_wconf 89' lang='lat' dir='ltr'><strong>Si</strong></span> <span class='ocrx_word' id='word_1_242' title='bbox 258 1815 349 1866; x_wconf 88' lang='lat' dir='ltr'><strong>quis</strong></span> <span class='ocrx_word' id='word_1_243' title='bbox 374 1825 477 1854; x_wconf 89' lang='lat' dir='ltr'><strong>uero</strong></span> <span class='ocrx_word' id='word_1_244' title='bbox 512 1813 635 1852; x_wconf 90' lang='lat' dir='ltr'><strong>alicui</strong></span> <span class='ocrx_word' id='word_1_245' title='bbox 661 1823 846 1862; x_wconf 79' lang='lat' dir='ltr'><strong>persone</strong></span> <span class='ocrx_word' id='word_1_246' title='bbox 874 1811 1082 1865; x_wconf 78' lang='lat' dir='ltr'><strong>religiose</strong></span> <span class='ocrx_word' id='word_1_247' title='bbox 1107 1810 1214 1850; x_wconf 87' lang='lat' dir='ltr'><strong>infra</strong></span> <span class='ocrx_word' id='word_1_248' title='bbox 1239 1816 1362 1862; x_wconf 89' lang='lat' dir='ltr'><strong>septa</strong></span> <span class='ocrx_word' id='word_1_249' title='bbox 1385 1812 1625 1851; x_wconf 88' lang='lat' dir='ltr'><strong>monasterii</strong></span> <span class='ocrx_word' id='word_1_250' title='bbox 1651 1813 1875 1850; x_wconf 88' lang='lat' dir='ltr'><strong>constitute</strong></span> <span class='ocrx_word' id='word_1_251' title='bbox 1900 1824 2046 1852; x_wconf 87' lang='lat' dir='ltr'><strong>manus</strong></span> 
     </span>
     <span class='ocr_line' id='line_1_27' title="bbox 174 1880 2048 1932; baseline -0.002 -7"><span class='ocrx_word' id='word_1_252' title='bbox 174 1884 368 1925; x_wconf 88' lang='lat' dir='ltr'><strong>iniecerit</strong></span> <span class='ocrx_word' id='word_1_253' title='bbox 390 1883 610 1924; x_wconf 87' lang='lat' dir='ltr'><strong>uiolentas.</strong></span> <span class='ocrx_word' id='word_1_254' title='bbox 638 1881 688 1920; x_wconf 88' lang='lat' dir='ltr'><strong>ad</strong></span> <span class='ocrx_word' id='word_1_255' title='bbox 715 1881 891 1932; x_wconf 86' lang='lat' dir='ltr'><strong>aliquem</strong></span> <span class='ocrx_word' id='word_1_256' title='bbox 920 1881 973 1919; x_wconf 91' lang='lat' dir='ltr'><strong>ibi</strong></span> <span class='ocrx_word' id='word_1_257' title='bbox 1005 1880 1377 1921; x_wconf 85' lang='lat' dir='ltr'><strong>dehonestandum.</strong></span> <span class='ocrx_word' id='word_1_258' title='bbox 1409 1881 1478 1920; x_wconf 87' lang='lat' dir='ltr'><strong>uel</strong></span> <span class='ocrx_word' id='word_1_259' title='bbox 1510 1880 1664 1931; x_wconf 88' lang='lat' dir='ltr'><strong>aliquid</strong></span> <span class='ocrx_word' id='word_1_260' title='bbox 1698 1881 1794 1919; x_wconf 88' lang='lat' dir='ltr'><strong>inde</strong></span> <span class='ocrx_word' id='word_1_261' title='bbox 1828 1880 2048 1922; x_wconf 83' lang='lat' dir='ltr'><strong>abstulerit</strong></span> 
     </span>
     <span class='ocr_line' id='line_1_28' title="bbox 174 1949 2045 2001; baseline -0.003 -7"><span class='ocrx_word' id='word_1_262' title='bbox 174 1966 282 1994; x_wconf 86' lang='lat' dir='ltr'><strong>ausu</strong></span> <span class='ocrx_word' id='word_1_263' title='bbox 321 1952 559 1992; x_wconf 89' lang='lat' dir='ltr'><strong>temerario.</strong></span> <span class='ocrx_word' id='word_1_264' title='bbox 598 1949 832 1991; x_wconf 83' lang='lat' dir='ltr'><strong>manifeste.</strong></span> <span class='ocrx_word' id='word_1_265' title='bbox 874 1951 1053 1989; x_wconf 89' lang='lat' dir='ltr'><strong>bannum</strong></span> <span class='ocrx_word' id='word_1_266' title='bbox 1096 1953 1281 1989; x_wconf 90' lang='lat' dir='ltr'><strong>nostrum</strong></span> <span class='ocrx_word' id='word_1_267' title='bbox 1322 1960 1402 2001; x_wconf 88' lang='lat' dir='ltr'><strong>quo</strong></span> <span class='ocrx_word' id='word_1_268' title='bbox 1443 1950 1497 1989; x_wconf 91' lang='lat' dir='ltr'><strong>ad</strong></span> <span class='ocrx_word' id='word_1_269' title='bbox 1538 1949 1681 1991; x_wconf 82' lang='lat' dir='ltr'><strong>XXX.</strong></span> <span class='ocrx_word' id='word_1_270' title='bbox 1725 1961 1889 1988; x_wconf 90' lang='lat' dir='ltr'><strong>marcas</strong></span> <span class='ocrx_word' id='word_1_271' title='bbox 1930 1961 2045 1989; x_wconf 91' lang='lat' dir='ltr'><strong>com-</strong></span> 
     </span>
     <span class='ocr_line' id='line_1_29' title="bbox 175 2016 2046 2075; baseline -0.002 -13"><span class='ocrx_word' id='word_1_272' title='bbox 175 2026 312 2075; x_wconf 87' lang='lat' dir='ltr'><strong>ponat.</strong></span> <span class='ocrx_word' id='word_1_273' title='bbox 347 2025 388 2061; x_wconf 89' lang='lat' dir='ltr'><strong>et</strong></span> <span class='ocrx_word' id='word_1_274' title='bbox 420 2021 673 2060; x_wconf 84' lang='lat' dir='ltr'><strong>monasterio</strong></span> <span class='ocrx_word' id='word_1_275' title='bbox 708 2019 895 2070; x_wconf 86' lang='lat' dir='ltr'><strong>dampnis</strong></span> <span class='ocrx_word' id='word_1_276' title='bbox 929 2019 1017 2058; x_wconf 89' lang='lat' dir='ltr'><strong>suis</strong></span> <span class='ocrx_word' id='word_1_277' title='bbox 1052 2019 1283 2058; x_wconf 86' lang='lat' dir='ltr'><strong>resarcitis.</strong></span> <span class='ocrx_word' id='word_1_278' title='bbox 1317 2019 1359 2057; x_wconf 90' lang='lat' dir='ltr'><strong>in</strong></span> <span class='ocrx_word' id='word_1_279' title='bbox 1391 2018 1559 2058; x_wconf 89' lang='lat' dir='ltr'><strong>totidem</strong></span> <span class='ocrx_word' id='word_1_280' title='bbox 1593 2016 1841 2058; x_wconf 87' lang='lat' dir='ltr'><strong>satisfaciat.</strong></span> <span class='ocrx_word' id='word_1_281' title='bbox 1891 2018 2046 2058; x_wconf 89' lang='lat' dir='ltr'><strong>Prohi-</strong></span> 
     </span>
     <span class='ocr_line' id='line_1_30' title="bbox 175 2087 2046 2131; baseline -0.003 0"><span class='ocrx_word' id='word_1_282' title='bbox 175 2092 319 2131; x_wconf 87' lang='lat' dir='ltr'><strong>bemus</strong></span> <span class='ocrx_word' id='word_1_283' title='bbox 363 2091 495 2130; x_wconf 83' lang='lat' dir='ltr'><strong>eciam</strong></span> <span class='ocrx_word' id='word_1_284' title='bbox 535 2101 588 2129; x_wconf 89' lang='lat' dir='ltr'><strong>ne</strong></span> <span class='ocrx_word' id='word_1_285' title='bbox 628 2093 861 2131; x_wconf 74' lang='lat' dir='ltr'><strong>uenator-es</strong></span> <span class='ocrx_word' id='word_1_286' title='bbox 903 2089 1037 2128; x_wconf 88' lang='lat' dir='ltr'><strong>nostri</strong></span> <span class='ocrx_word' id='word_1_287' title='bbox 1075 2088 1143 2129; x_wconf 87' lang='lat' dir='ltr'><strong>uel</strong></span> <span class='ocrx_word' id='word_1_288' title='bbox 1186 2087 1483 2127; x_wconf 89' lang='lat' dir='ltr'><strong>caniductores</strong></span> <span class='ocrx_word' id='word_1_289' title='bbox 1523 2088 1563 2126; x_wconf 89' lang='lat' dir='ltr'><strong>in</strong></span> <span class='ocrx_word' id='word_1_290' title='bbox 1607 2087 1757 2128; x_wconf 85' lang='lat' dir='ltr'><strong>abacia</strong></span> <span class='ocrx_word' id='word_1_291' title='bbox 1797 2087 1865 2127; x_wconf 88' lang='lat' dir='ltr'><strong>uel</strong></span> <span class='ocrx_word' id='word_1_292' title='bbox 1906 2099 2046 2127; x_wconf 88' lang='lat' dir='ltr'><strong>eorum</strong></span> 
     </span>
     <span class='ocr_line' id='line_1_31' title="bbox 174 2155 2047 2211; baseline -0.001 -11"><span class='ocrx_word' id='word_1_293' title='bbox 174 2160 283 2200; x_wconf 89' lang='lat' dir='ltr'><strong>uillis</strong></span> <span class='ocrx_word' id='word_1_294' title='bbox 317 2160 409 2199; x_wconf 86' lang='lat' dir='ltr'><strong>sine</strong></span> <span class='ocrx_word' id='word_1_295' title='bbox 452 2159 615 2199; x_wconf 84' lang='lat' dir='ltr'><strong>abbatis</strong></span> <span class='ocrx_word' id='word_1_296' title='bbox 649 2162 691 2198; x_wconf 87' lang='lat' dir='ltr'><strong>et</strong></span> <span class='ocrx_word' id='word_1_297' title='bbox 732 2156 903 2199; x_wconf 85' lang='lat' dir='ltr'><strong>fratrum</strong></span> <span class='ocrx_word' id='word_1_298' title='bbox 935 2169 1161 2198; x_wconf 86' lang='lat' dir='ltr'><strong>consensu.</strong></span> <span class='ocrx_word' id='word_1_299' title='bbox 1201 2161 1450 2211; x_wconf 87' lang='lat' dir='ltr'><strong>pernoctent</strong></span> <span class='ocrx_word' id='word_1_300' title='bbox 1482 2157 1549 2197; x_wconf 90' lang='lat' dir='ltr'><strong>uel</strong></span> <span class='ocrx_word' id='word_1_301' title='bbox 1590 2156 1744 2208; x_wconf 88' lang='lat' dir='ltr'><strong>aliquid</strong></span> <span class='ocrx_word' id='word_1_302' title='bbox 1778 2157 1831 2196; x_wconf 91' lang='lat' dir='ltr'><strong>ibi</strong></span> <span class='ocrx_word' id='word_1_303' title='bbox 1866 2155 2047 2199; x_wconf 83' lang='lat' dir='ltr'><strong>inferant</strong></span> 
     </span>
     <span class='ocr_line' id='line_1_32' title="bbox 174 2225 2047 2280; baseline -0.002 -12"><span class='ocrx_word' id='word_1_304' title='bbox 174 2229 390 2269; x_wconf 86' lang='lat' dir='ltr'><strong>violentie.</strong></span> <span class='ocrx_word' id='word_1_305' title='bbox 433 2232 474 2268; x_wconf 92' lang='lat' dir='ltr'><strong>et</strong></span> <span class='ocrx_word' id='word_1_306' title='bbox 517 2228 596 2267; x_wconf 83' lang='lat' dir='ltr'><strong>hoc</strong></span> <span class='ocrx_word' id='word_1_307' title='bbox 640 2228 718 2267; x_wconf 85' lang='lat' dir='ltr'><strong>sub</strong></span> <span class='ocrx_word' id='word_1_308' title='bbox 761 2239 870 2280; x_wconf 86' lang='lat' dir='ltr'><strong>pena</strong></span> <span class='ocrx_word' id='word_1_309' title='bbox 916 2227 972 2269; x_wconf 89' lang='lat' dir='ltr'><strong>X.</strong></span> <span class='ocrx_word' id='word_1_310' title='bbox 1015 2227 1212 2267; x_wconf 86' lang='lat' dir='ltr'><strong>librarum</strong></span> <span class='ocrx_word' id='word_1_311' title='bbox 1252 2229 1416 2265; x_wconf 86' lang='lat' dir='ltr'><strong>monete</strong></span> <span class='ocrx_word' id='word_1_312' title='bbox 1456 2226 1741 2276; x_wconf 83' lang='lat' dir='ltr'><strong>prouincialis.</strong></span> <span class='ocrx_word' id='word_1_313' title='bbox 1783 2225 1861 2265; x_wconf 88' lang='lat' dir='ltr'><strong>nisi</strong></span> <span class='ocrx_word' id='word_1_314' title='bbox 1902 2225 2047 2265; x_wconf 87' lang='lat' dir='ltr'><strong>abbati</strong></span> 
     </span>
     <span class='ocr_line' id='line_1_33' title="bbox 175 2293 2045 2351; baseline -0.002 -14"><span class='ocrx_word' id='word_1_315' title='bbox 175 2298 382 2351; x_wconf 85' lang='lat' dir='ltr'><strong>placuerit</strong></span> <span class='ocrx_word' id='word_1_316' title='bbox 414 2302 455 2338; x_wconf 89' lang='lat' dir='ltr'><strong>et</strong></span> <span class='ocrx_word' id='word_1_317' title='bbox 480 2296 678 2337; x_wconf 85' lang='lat' dir='ltr'><strong>fratribus</strong></span> <span class='ocrx_word' id='word_1_318' title='bbox 712 2298 774 2337; x_wconf 89' lang='lat' dir='ltr'><strong>eis</strong></span> <span class='ocrx_word' id='word_1_319' title='bbox 798 2297 951 2349; x_wconf 89' lang='lat' dir='ltr'><strong>aliquid</strong></span> <span class='ocrx_word' id='word_1_320' title='bbox 986 2297 1025 2336; x_wconf 92' lang='lat' dir='ltr'><strong>in</strong></span> <span class='ocrx_word' id='word_1_321' title='bbox 1052 2296 1305 2336; x_wconf 89' lang='lat' dir='ltr'><strong>uictualibus</strong></span> <span class='ocrx_word' id='word_1_322' title='bbox 1338 2295 1583 2346; x_wconf 88' lang='lat' dir='ltr'><strong>inpendere.</strong></span> <span class='ocrx_word' id='word_1_323' title='bbox 1634 2295 1681 2334; x_wconf 92' lang='lat' dir='ltr'><strong>Id</strong></span> <span class='ocrx_word' id='word_1_324' title='bbox 1716 2295 1848 2334; x_wconf 88' lang='lat' dir='ltr'><strong>eciam</strong></span> <span class='ocrx_word' id='word_1_325' title='bbox 1881 2293 2045 2334; x_wconf 84' lang='lat' dir='ltr'><strong>addeu-</strong></span> 
     </span>
     <span class='ocr_line' id='line_1_34' title="bbox 175 2362 2044 2419; baseline -0.003 -12"><span class='ocrx_word' id='word_1_326' title='bbox 175 2371 241 2408; x_wconf 89' lang='lat' dir='ltr'><strong>tes</strong></span> <span class='ocrx_word' id='word_1_327' title='bbox 276 2366 386 2419; x_wconf 86' lang='lat' dir='ltr'><strong>quod</strong></span> <span class='ocrx_word' id='word_1_328' title='bbox 418 2368 454 2406; x_wconf 93' lang='lat' dir='ltr'><strong>si</strong></span> <span class='ocrx_word' id='word_1_329' title='bbox 488 2367 728 2406; x_wconf 84' lang='lat' dir='ltr'><strong>exstiterint</strong></span> <span class='ocrx_word' id='word_1_330' title='bbox 762 2368 824 2406; x_wconf 91' lang='lat' dir='ltr'><strong>eis</strong></span> <span class='ocrx_word' id='word_1_331' title='bbox 858 2366 1058 2406; x_wconf 89' lang='lat' dir='ltr'><strong>iniuriosi.</strong></span> <span class='ocrx_word' id='word_1_332' title='bbox 1091 2365 1218 2405; x_wconf 87' lang='lat' dir='ltr'><strong>liceat</strong></span> <span class='ocrx_word' id='word_1_333' title='bbox 1251 2365 1313 2404; x_wconf 87' lang='lat' dir='ltr'><strong>eis</strong></span> <span class='ocrx_word' id='word_1_334' title='bbox 1348 2365 1461 2417; x_wconf 89' lang='lat' dir='ltr'><strong>ipsos</strong></span> <span class='ocrx_word' id='word_1_335' title='bbox 1495 2365 1587 2403; x_wconf 83' lang='lat' dir='ltr'><strong>sine</strong></span> <span class='ocrx_word' id='word_1_336' title='bbox 1621 2362 1781 2404; x_wconf 80' lang='lat' dir='ltr'><strong>offensa</strong></span> <span class='ocrx_word' id='word_1_337' title='bbox 1814 2367 1959 2402; x_wconf 87' lang='lat' dir='ltr'><strong>nostra</strong></span> <span class='ocrx_word' id='word_1_338' title='bbox 1993 2362 2044 2402; x_wconf 90' lang='lat' dir='ltr'><strong>de</strong></span> 
     </span>
     <span class='ocr_line' id='line_1_35' title="bbox 177 2431 2045 2487; baseline -0.003 -11"><span class='ocrx_word' id='word_1_339' title='bbox 177 2437 365 2476; x_wconf 88' lang='lat' dir='ltr'><strong>domibus</strong></span> <span class='ocrx_word' id='word_1_340' title='bbox 413 2440 455 2476; x_wconf 90' lang='lat' dir='ltr'><strong>et</strong></span> <span class='ocrx_word' id='word_1_341' title='bbox 501 2437 845 2487; x_wconf 87' lang='lat' dir='ltr'><strong>possessionibus</strong></span> <span class='ocrx_word' id='word_1_342' title='bbox 891 2436 1100 2475; x_wconf 89' lang='lat' dir='ltr'><strong>uiolenter</strong></span> <span class='ocrx_word' id='word_1_343' title='bbox 1146 2434 1379 2485; x_wconf 84' lang='lat' dir='ltr'><strong>expellere.</strong></span> <span class='ocrx_word' id='word_1_344' title='bbox 1443 2434 1622 2484; x_wconf 84' lang='lat' dir='ltr'><strong>Insuper</strong></span> <span class='ocrx_word' id='word_1_345' title='bbox 1671 2432 1888 2472; x_wconf 88' lang='lat' dir='ltr'><strong>statuimus</strong></span> <span class='ocrx_word' id='word_1_346' title='bbox 1935 2431 2045 2483; x_wconf 89' lang='lat' dir='ltr'><strong>quod</strong></span> 
     </span>
     <span class='ocr_line' id='line_1_36' title="bbox 177 2501 2044 2561; baseline -0.004 -14"><span class='ocrx_word' id='word_1_347' title='bbox 177 2507 414 2561; x_wconf 85' lang='lat' dir='ltr'><strong>quicunque</strong></span> <span class='ocrx_word' id='word_1_348' title='bbox 460 2505 655 2547; x_wconf 87' lang='lat' dir='ltr'><strong>nobilium</strong></span> <span class='ocrx_word' id='word_1_349' title='bbox 701 2506 770 2547; x_wconf 89' lang='lat' dir='ltr'><strong>uel</strong></span> <span class='ocrx_word' id='word_1_350' title='bbox 811 2509 1020 2559; x_wconf 86' lang='lat' dir='ltr'><strong>potentum</strong></span> <span class='ocrx_word' id='word_1_351' title='bbox 1066 2505 1108 2546; x_wconf 84' lang='lat' dir='ltr'><strong>in</strong></span> <span class='ocrx_word' id='word_1_352' title='bbox 1155 2501 1306 2558; x_wconf 86' lang='lat' dir='ltr'><strong>prefati</strong></span> <span class='ocrx_word' id='word_1_353' title='bbox 1355 2503 1595 2543; x_wconf 84' lang='lat' dir='ltr'><strong>monasterii</strong></span> <span class='ocrx_word' id='word_1_354' title='bbox 1646 2502 1774 2544; x_wconf 85' lang='lat' dir='ltr'><strong>curiis</strong></span> <span class='ocrx_word' id='word_1_355' title='bbox 1820 2501 1888 2542; x_wconf 89' lang='lat' dir='ltr'><strong>uel</strong></span> <span class='ocrx_word' id='word_1_356' title='bbox 1934 2501 2044 2541; x_wconf 87' lang='lat' dir='ltr'><strong>uillis</strong></span> 
     </span>
    </p>
   </div>
  </div>
 </body>
</html>
