2212 2876
1042 113 1137 153 161

158 259 370 300 dummodo
411 259 613 298 uniuersa
653 269 734 310 que
776 256 932 297 debent
970 256 1013 295 in
1056 255 1181 295 electi
1223 266 1407 306 persona
1449 257 1491 296 et
1531 256 1625 307 ipsa
1672 255 1880 310 electione
1919 268 2025 296 con-

157 333 351 383 currant3
386 328 495 380 quod
515 339 597 367 non
621 327 880 367 consueuisti
903 327 1007 365 satis
1026 325 1257 378 diligenter
1275 324 1511 379 attendere7
1531 326 1639 365 sicut
1654 325 2026 366 Paderburnensis

158 398 343 438 ecclesie
383 398 600 451 negotium
640 394 891 435 manifestat.
957 396 1005 434 ln
1044 405 1094 433 eo
1136 396 1272 433 autem
1312 408 1360 436 es
1400 396 1524 448 plane
1564 406 1616 434 ac
1648 394 1773 446 plene
1806 394 2027 445 culpabilis

157 470 201 507 et
232 466 538 506 inexcusabilis
571 477 760 519 prorsus7
803 465 911 517 quod
944 471 1159 519 postquam
1199 467 1429 520 predictum
1463 464 1662 516 recepisti
1693 463 1938 517 mandatum⁷
1972 462 2028 502 ad

158 536 522 575 consecrationem
556 535 646 574 eius
679 534 914 585 procedere
959 538 1264 590 presumpsisti,
1297 548 1388 575 cum
1429 535 1542 574 scire
1576 533 1760 573 deberes
1791 533 1922 572 maius
1954 531 2029 572 tibi

158 616 409 644 concessum
442 615 525 643 non
559 614 672 658 esse,
711 603 780 642 ubi
814 605 946 643 minus
989 606 1112 645 nobis
1146 608 1408 645 reseruatum
1447 601 1586 642 fuerat
1625 605 1668 642 et
1706 602 1779 641 tibi
1813 613 1889 652 per
1922 612 2027 641 con-

157 685 344 726 sequens
372 673 647 712 interdictum.
696 673 855 711 Penam
887 677 1022 713 autem
1049 686 1259 714 excessus
1294 671 1526 713 huiusmodi
1558 683 1635 712 suo
1659 671 1752 711 loco
1787 673 1829 711 et
1852 670 2028 722 tempori

158 746 449 796 reseruantes,
469 753 545 793 per
562 741 794 792 apostolica
810 742 883 780 tibi
901 743 1058 794 scripta
1073 742 1242 784 firmiter
1259 740 1530 795 precipiendo
1547 740 1803 793 mandamus⁷
1821 743 2029 791 quatenus

159 812 308 851 dictum
342 812 390 850 P.
424 811 466 850 in
498 808 607 849 festo
641 822 675 849 s.
709 810 936 850 Michaelis
969 813 1171 865 proximo,
1205 812 1313 865 quod
1347 811 1427 851 sibi
1460 823 1486 850 a
1516 812 1559 849 te
1593 809 1781 848 volumus
1812 809 2030 848 terminum

156 881 476 932 peremptorium
508 879 742 934 assignari,
782 879 835 918 ad
869 884 1053 920 nostram
1094 880 1228 921 saclas
1262 879 1544 932 personaliter
1572 878 1723 917 venire
1756 878 2028 932 presentiam,

158 950 335 990 eundem
370 949 423 989 ad
456 949 510 1003 id7
544 950 581 988 si
614 959 797 988 necesse
830 947 968 1003 suerit,
1003 962 1080 1001 per
1119 962 1342 989 censuram
1376 948 1712 988 ecclesiasticam
1743 947 2025 998 appellatione

157 1020 390 1071 postposita
421 1017 695 1071 compellatis⁷
730 1019 835 1056 omni
862 1018 1126 1059 alienationis
1153 1031 1322 1074 genere
1349 1018 1484 1058 eidem
1515 1017 1677 1056 interim
1702 1017 1868 1068 penitus
1894 1017 2030 1055 inter-

159 1088 282 1127 dicto.
345 1087 596 1138 Preceptum
637 1091 820 1126 nostrum
861 1088 1007 1127 saltem
1042 1089 1083 1127 in
1124 1089 1202 1127 lioc
1238 1090 1291 1127 ita
1333 1087 1509 1127 sollicite
1550 1086 1806 1139 impleturus3
1847 1084 1955 1136 quod
1988 1085 2031 1124 in

159 1161 201 1197 te
248 1157 444 1195 videatur
492 1156 629 1207 aliqua
669 1156 906 1195 deuotionis
958 1162 1000 1196 et
1047 1158 1285 1197 obedientie
1335 1155 1557 1195 scintillula
1605 1155 1813 1193 relucere.
1877 1153 2031 1193 Datum

161 1226 362 1266 Laterani
396 1225 516 1265 XIII.
549 1225 769 1264 Kalendas
803 1226 975 1276 Aprilis.
1039 1225 1312 1265 I‘ontilicatus
1346 1225 1476 1265 nostri
1510 1236 1619 1263 anno
1653 1235 1777 1262 nono.

470 1324 500 1357 E
525 1324 706 1366 Regesto
731 1325 901 1356 Honorii
925 1325 989 1357 111.
1013 1327 1086 1357 anni
1112 1326 1174 1358 lx.
1200 1328 1295 1367 epist.
1320 1322 1410 1356 246.
1436 1326 1467 1355 in
1491 1324 1660 1355 tabulariis
1684 1323 1914 1355 Vaticanis.

1036 1502 1171 1544 CLX.

164 1598 391 1642 Hermam,
439 1598 627 1646 ’itaquae
670 1597 826 1648 Ttojae
874 1598 1111 1649 episcopus·‚
1146 1583 1377 1636 'cons-mua!
1420 1598 1572 1646 roqala
1611 1593 1771 1634 abbatis
1810 1593 2028 1634 Lucensis

161 1667 380 1706 ecclesiam
414 1667 458 1705 in
492 1665 770 1715 lsi-idlowice,
805 1667 922 1717 eique
950 1666 1137 1704 ‹lu-imas
1170 1678 1252 1704 sea·
1278 1666 1477 1704 rillwum
1510 1664 1794 1716 adjacentium
1826 1664 2031 1715 assignat.

694 1734 801 1774 Acta
843 1735 888 1774 V
922 1734 1148 1774 Kalendas
1181 1735 1306 1786 Maji,
1347 1733 1498 1779 1225.

289 1826 351 1888 In
383 1846 548 1885 nomine
591 1845 774 1886 domini
782 1858 914 1886 amen.
979 1847 1081 1901 Ego
1120 1846 1348 1887 Henricus.
1389 1845 1457 1885 dei
1482 1844 1650 1899 ‘gracia
1689 1843 1859 1898 Magne
1901 1842 2034 1883 Troie

160 1916 401 1968 episcopus.
466 1913 570 1956 Cum
603 1927 708 1954 casu
740 1919 896 1955 terram
934 1916 1133 1956 Morauie
1166 1916 1458 1954 intrassemus.
1499 1914 1642 1968 rogati
1674 1925 1699 1952 a
1732 1912 1894 1952 domino
1927 1913 2034 1953 Flo-

159 1985 278 2024 riano
313 1983 548 2024 venerabili
580 1984 735 2023 abbate
766 1985 983 2024 Lucensis
1016 1983 1194 2024 cenobii.
1236 1987 1449 2023 annuente
1483 1984 1605 2022 etiam
1638 1982 1877 2021 reuerendo
1910 1985 2033 2033 patre

155 2053 354 2093 Roberto
388 2053 678 2093 olomucensis
712 2054 898 2093 ecclesie
932 2054 1146 2105 episcopo.
1180 2053 1404 2092 ecclesiam
1446 2053 1487 2090 in
1519 2050 1767 2092 serilonicz
1798 2053 1842 2090 ut
1874 2062 2034 2091 conse-

158 2133 374 2162 craremus
414 2123 543 2172 primo
582 2123 810 2162 monuimus
844 2127 1059 2173 patronos.
1093 2122 1190 2174 quid
1226 2121 1293 2161 vel
1327 2124 1520 2173 quantum
1552 2119 1717 2159 nomine
1751 2119 1859 2159 dotis
1893 2119 2028 2160 eidem

161 2191 347 2231 ecclesie
379 2191 539 2230 vellent
570 2192 791 2246 assignari
825 2192 893 2243 qui
926 2192 968 2230 in
1001 2191 1231 2230 continenti
1263 2192 1581 2229 nominauerunt
1613 2189 1799 2228 decimas
1832 2200 1913 2228 sex
1944 2189 2030 2228 vil-

161 2261 291 2300 larum
324 2259 602 2299 adiacentium
635 2271 808 2312 quarum
840 2261 1005 2300 nomina
1038 2265 1135 2298 sunt
1158 2259 1252 2298 hec.
1286 2258 1542 2300 Scrilowicz
1573 2258 1779 2297 Borolc‘ez
1810 2258 2032 2298 Raclinicz

164 2329 515 2380 Dersz'crajowilz
545 2329 708 2368 Bosicz
739 2329 986 2369 Petrowilz.
1049 2329 1116 2368 Ne
1150 2331 1287 2367 autem
1319 2328 1467 2379 aliquis
1486 2318 1730 2379 'scrupulus
1763 2326 2034 2366 dubitationis
2091 2339 2093 2341 ¹

160 2409 290 2448 super
322 2397 521 2449 predictis
555 2399 725 2437 oriatur.
750 2402 989 2449 presentem
1023 2399 1224 2452 paginam
1255 2397 1387 2451 sigilli
1415 2396 1552 2436 *nostri
1586 2391 1804 2435 munimine
1839 2395 2034 2435 duximus

159 2467 454 2506 roborandam.
478 2467 751 2506 subiicientes
774 2467 1014 2518 plenissimo
1048 2468 1139 2506 iure
1167 2470 1265 2506 ante
1293 2466 1442 2505 dictam
1476 2465 1701 2504 ecclesiam
1728 2476 1818 2504 cum
1842 2464 2032 2503 omnibus

159 2536 424 2587 pertinentiis
456 2536 545 2576 suis
572 2535 761 2577 Lucensi
783 2537 1036 2577 monasterio
1069 2535 1121 2576 de
1153 2535 1287 2576 libera
1316 2534 1531 2575 voluntate
1565 2537 1607 2574 et
1640 2544 1854 2573 consensu
1885 2536 2033 2584 patro-

1649 2602 1712 2642 21
