2212 2876
1092 69 1159 109 92

189 230 282 258 cum
315 215 533 257 diocesani
574 213 762 266 episcopi
795 212 929 252 literis
969 212 1022 251 ad
1063 211 1207 251 sedem
1248 210 1521 262 apostolicam
1561 210 1786 250 venientes
1827 210 1880 249 ab
1915 209 2062 249 eodem

190 287 358 327 vinculo
392 287 633 325 mereantur
666 282 843 322 absolui.
908 281 1045 320 villas
1079 284 1216 320 autem
1249 281 1290 319 in
1332 280 1481 331 quibus
1515 279 1626 318 bona
1659 279 1938 330 predictorum
1972 278 2063 318 sra-

189 360 309 410 trum7
350 355 420 396 vel.
460 354 663 393 hominum
702 362 871 390 suorum
910 362 988 401 per
1028 350 1266 390 violentiam
1313 349 1485 387 detenta
1524 345 1692 401 suerint7
1735 359 1855 399 quam
1898 349 1968 388 diu
2006 348 2063 387 ibi

189 429 299 479 sunt7
333 423 541 464 interdicti
576 421 787 461 sententie
830 419 1088 472 supponatis,
1152 419 1306 458 Datum
1354 417 1559 456 Laterani
1608 416 1710 456 XV.
1750 418 1846 456 Kal.
1888 417 2061 469 Aprilis.

188 491 460 534 Pontificatus
494 491 627 531 nostri
660 501 769 528 anno
803 489 946 540 primo.

498 589 637 623 Codex
660 588 1008 622 Welehradensis
1033 587 1103 621 Ms.
1127 587 1182 619 fol.
1211 585 1296 621 114.

1010 765 1238 805 LXXVII.

192 864 410 904 Honorius
431 876 545 915 papa
570 862 657 901 III.
683 861 819 901 abbate·
844 860 1181 913 IsVeIelm1densxi7
1209 863 1248 899 et
1267 861 1510 913 praeposito
1539 863 1578 899 el
1606 858 1767 899 decano
1794 859 2065 900 Olomucensi

188 945 361 973 causam
409 934 516 972 inter
563 931 748 970 abbatem
799 931 1045 983 Teplensem
1096 933 1135 969 el
1179 932 1422 981 episcopum
1470 930 1740 980 Prayeusem
1790 928 1842 967 de
1888 928 2064 968 decimis

325 1004 548 1040 ‘vertentem
581 1001 797 1051 inquirere
829 998 1012 1038 mandat.
1062 1000 1134 1038 Dt.
1168 1000 1333 1039 Romae
1366 998 1421 1038 X.
1455 999 1558 1038 Kal.
1592 998 1731 1043 szii,
1772 997 1925 1038 1217.

319 1095 562 1155 Honorius
597 1113 823 1163 episcopus
859 1122 1012 1150 seruus
1051 1122 1267 1150 seruorum
1303 1110 1383 1149 dei.
1448 1110 1629 1149 Dilectis
1668 1109 1761 1149 filiis
1795 1139 1805 1149 .
1840 1139 1849 1148 .
1884 1139 1894 1148 .
1929 1108 2065 1149 abbati

190 1183 241 1222 de
281 1182 499 1233 H'eIffl-ad.
550 1180 855 1222 cisterciensis
890 1180 1061 1219 ordinis.
1088 1180 1376 1220 olomucensis
1411 1179 1608 1218 diocesis.
1643 1183 1685 1218 et
1718 1209 1727 1218 .
1762 1208 1772 1218 .
1807 1209 1816 1218 .
1850 1179 2065 1230 preposito

189 1258 232 1293 et
264 1282 274 1291 .
309 1282 318 1290 .
354 1282 363 1291 .
398 1251 561 1290 decano
604 1250 886 1290 olomucensi.
927 1250 1102 1288 salntem
1147 1254 1188 1288 et
1228 1249 1501 1300 apostolicam
1544 1249 1895 1288 benedictionem.
1961 1246 2066 1287 Cum

189 1323 282 1361 olim
316 1321 579 1361 venerabilis
620 1318 752 1359 frater
792 1323 940 1358 noster
973 1348 982 1357 .
1018 1349 1027 1358 .
1063 1348 1072 1357 .
1107 1319 1350 1373 Pragensis
1391 1319 1618 1369 episcopus
1653 1347 1662 1356 .
1698 1348 1707 1356 .
1741 1347 1750 1356 .
1784 1317 1977 1357 abbatem
2011 1317 2064 1357 de

189 1391 327 1442 'l'epla
360 1390 771 1429 Premonstratensis
806 1389 964 1427 ordinis
998 1400 1139 1427 coram
1172 1387 1408 1426 venerabili
1440 1385 1574 1426 fratre
1608 1391 1752 1426 nostro
1866 1387 2064 1438 episcopo

190 1461 490 1511 Ratisponensi
526 1464 567 1498 et
600 1458 890 1498 coniudicibus
925 1458 1013 1497 suis
1048 1458 1299 1496 auctoritate
1323 1456 1556 1508 apostolica
1590 1467 1720 1507 super
1753 1456 1923 1495 decimis
1958 1467 2063 1507 quo-

190 1529 372 1569 rumdam
397 1529 581 1568 locorum
610 1539 687 1567 sue
719 1528 904 1567 diocesis
930 1528 1205 1566 conuenisset
1228 1530 1270 1566 et
1302 1526 1422 1566 iidem
1448 1526 1609 1565 iudices
1643 1525 1685 1563 in
1707 1525 1900 1564 abbatem
1933 1526 2065 1575 ipsum

191 1602 363 1650 propter
411 1599 709 1637 contumaciam
767 1597 1205 1635 excommunicationis
1254 1596 1507 1635 sententiam
1557 1595 1878 1648 promulgarint.
1929 1594 2064 1633 dictus

189 1669 324 1708 abbas
359 1668 599 1719 priusquam
633 1667 895 1705 nuntiaretur
939 1666 1336 1705 excommunicatus.
1372 1665 1619 1716 interposite
1659 1664 1952 1715 appellationis
1987 1663 2065 1702 ob-

190 1739 315 1777 iectu.
349 1736 401 1776 ad
445 1736 590 1775 sedem
632 1736 901 1786 apostolicam
942 1735 1154 1773 accedere
1195 1735 1449 1785 procurauit.
1489 1733 1560 1773 ubi
1593 1733 1646 1772 de
1687 1744 1900 1772 consensu
1935 1733 2064 1783 ipsius

194 1806 384 1858 episcopi
418 1804 493 1844 suit
532 1805 652 1844 nobis
695 1804 987 1844 mandantibus
1028 1804 1259 1843 absolutus.
1324 1803 1499 1841 Demum
1538 1802 1740 1853 predictis
1781 1802 1981 1853 episcopo
2024 1805 2065 1841 et

192 1876 335 1914 abbati
374 1875 527 1914 dilecto
577 1873 671 1913 filio.
714 1873 764 1914 G.
806 1873 1065 1913 subdiacono
1119 1877 1160 1912 et
1199 1872 1419 1923 capellano
1459 1876 1603 1910 nostro
1647 1883 1673 1910 a
1712 1871 1834 1910 nobis
1874 1871 2064 1910 auditore

192 1955 417 1997 concesso,
451 1945 678 1995 episcopus
712 1943 805 1994 ipse
834 1943 949 1993 petiit
982 1943 1285 1981 restitutionem
1319 1942 1398 1980 sibi
1432 1939 1521 1979 fieri
1551 1941 1800 1980 decimarum
1833 1951 1938 1991 quas
1972 1940 2064 1979 dio-

193 2024 351 2052 cesano
385 2013 464 2052 sibi
497 2014 588 2052 iure
622 2013 787 2051 debitas
821 2012 957 2051 dictus
983 2012 1118 2051 abbas
1152 2023 1177 2050 a
1210 2014 1394 2061 tempore
1420 2010 1687 2061 promotionis
1720 2009 1853 2060 ipsius
1888 2009 1929 2047 in
1960 2009 2065 2048 locis

194 2083 384 2133 percepit
424 2082 595 2121 eisdem.
645 2086 685 2121 et
733 2085 777 2121 ut
825 2082 934 2120 idem
974 2081 1109 2120 abbas
1159 2080 1211 2118 de
1253 2085 1397 2118 cetero
1447 2079 1500 2118 ab
1540 2078 1773 2117 huiusmodi
1814 2078 2064 2117 decimarum

195 2152 469 2202 perceptione
519 2153 721 2202 quiescat.
788 2149 987 2190 Presatus
1035 2161 1140 2189 vero
1187 2149 1323 2188 abbas
1371 2160 1394 2188 e
1435 2152 1583 2187 contra
1632 2149 1740 2187 litem
1787 2147 2064 2186 contestando

194 2220 423 2271 respondit.
468 2221 574 2271 quod
610 2221 720 2259 bone
763 2221 959 2259 memorIe
993 2249 1002 2258 .
1037 2249 1046 2257 .
1082 2220 1211 2270 ipsius
1253 2218 1440 2268 episcopi
1474 2218 1760 2268 predecessor
1800 2217 1968 2267 capituli
2001 2217 2065 2255 sui

194 2289 428 2328 accedente
469 2301 696 2341 consensu7
739 2289 924 2329 decimas
966 2290 1082 2340 ipsas
1117 2292 1158 2327 et
1192 2287 1385 2338 quidquid
1430 2288 1470 2325 in
1506 2287 1568 2325 eis
1604 2287 1704 2325 iuris
1746 2286 1939 2325 habebat.
1974 2286 2063 2324 'Fe-

196 2359 330 2410 plensi
365 2358 550 2397 ecclesIe
585 2359 652 2408 pia
692 2359 944 2398 liberalitate
979 2359 1161 2397 donauit.
1203 2357 1309 2408 quod
1343 2361 1423 2394 tam
1464 2367 1539 2406 per
1573 2358 1771 2407 scriptum
1811 2355 2064 2395 autenticum

196 2428 316 2466 cuius
349 2428 643 2477 transcriptum
688 2427 876 2466 exhibuit
909 2439 1029 2478 quam
1069 2431 1203 2466 testes
1238 2426 1414 2465 idoneos
1448 2425 1578 2464 saluis
1618 2425 1712 2464 aliis
1746 2422 2064 2474 defensionibus

196 2497 289 2535 eius
315 2496 514 2550 legitimis
540 2507 588 2534 se
616 2496 760 2536 obtulit
793 2507 869 2535 suo
895 2497 986 2536 loco
1023 2500 1062 2535 et
1091 2499 1278 2546 tempore
1311 2495 1593 2546 probaturum.
1644 2492 1747 2535 Cum
1771 2497 1906 2533 autem
1936 2504 2065 2544 super
