2212 2876
1041 75 1149 116 224

155 226 455 268 decessoribus
489 223 645 265 nostris
677 221 879 261 Romanis
911 217 1172 271 pontificibus
1206 215 1339 256 ordini
1375 217 1520 255 vestro
1554 225 1803 268 concessas7
1836 224 1916 253 nec
1950 224 2034 252 non

153 298 374 337 libertates
415 298 456 335 et
489 293 779 343 exemptiones
820 289 1073 329 secularium
1107 287 1374 326 exactionum
1414 296 1439 323 a
1473 284 1656 338 regibus
1700 287 1742 323 et
1774 283 2034 334 principibus

155 367 225 407 vel
266 366 359 405 aliis
402 363 592 403 fidelibus
632 359 948 400 racionabiliter
979 357 1103 397 vobis
1143 355 1325 395 indultas
1359 354 1611 393 auctoritate
1655 353 1886 404 apostolica
1928 363 2034 391 con-

156 434 375 488 firmanius,
417 437 458 472 et
498 430 710 483 presentis
751 428 896 479 scripti
937 426 1168 480 privilegio
1212 424 1518 464 communimus.
1583 422 1865 462 Decernimus
1908 432 2035 475 ergo⁷

155 509 199 545 ut
239 505 336 544 nulli
377 502 539 542 omnino
581 499 784 539 hominum
827 498 953 536 liceat
995 493 1202 547 prefatum
1233 493 1529 533 monasterium
1568 495 1727 531 temere
1768 490 2035 544 perturbare,

157 578 227 614 aut
261 574 352 612 eius
393 571 694 622 possessiones
735 565 921 619 auferre,
964 565 1032 605 vel
1066 564 1231 603 ablatas
1272 563 1473 614 retinere,
1507 562 1708 614 minuere,
1749 571 1827 599 seu
1860 559 2037 611 quibus-

156 643 257 682 libet
296 640 604 680 vexacionibus
645 636 849 691 fatigare,
892 634 968 674 sed
1010 635 1146 674 omnia
1186 634 1361 686 integra
1411 633 1723 670 conserventur
1763 640 1919 683 earum⁷
1961 639 2037 680 pro

158 724 329 765 quarum
362 709 688 765 gubernacione
722 718 773 746 ac
799 705 1115 745 sustentacione
1149 713 1360 742 concessa
1389 704 1500 754 sunt,
1532 700 1680 739 usibus
1714 698 1903 738 omnibus
1935 708 2039 749 pro-

158 780 296 822 futura
330 780 453 819 salva
487 778 603 818 sedis
638 776 871 828 apostolice
905 774 1168 814 auctoritate.
1232 771 1281 814 Si
1315 783 1397 823 qua
1437 770 1569 824 igitur
1601 770 1643 808 in
1681 766 1859 808 futurum
1893 766 2039 807 eccle-

158 851 334 891 siastica
383 848 648 888 secularisve
690 857 875 897 persona
925 844 1035 883 hanc
1077 845 1222 881 nostre
1271 839 1589 879 constitucionis
1635 838 1836 892 paginam
1879 837 2038 891 sciens,

159 924 308 960 contra
342 930 432 958 eam
466 921 625 957 temere
658 916 809 955 venire
851 913 1132 965 temptaverit7
1173 909 1376 963 secundo,
1417 909 1609 948 terciove
1652 907 1910 959 commonita7
1957 905 2040 945 nisi

158 994 320 1029 reatum
363 1000 480 1027 suum
528 997 725 1040 congrua
765 981 1057 1023 satisfactione
1108 980 1361 1033 correxerit3
1403 978 1624 1030 potcstatis
1664 976 1921 1027 honorisque
1974 974 2040 1014 sui

160 1061 309 1098 careat
342 1057 566 1112 (lignitate7
600 1065 802 1106 reamque
843 1063 891 1092 se
926 1052 1068 1091 divino
1103 1050 1255 1089 iudicio
1297 1049 1485 1101 existere
1520 1047 1572 1086 de
1606 1048 1851 1098 perpetrata
1885 1044 2040 1096 iniqui-

159 1132 247 1169 tate
273 1130 526 1182 cognoscat,
561 1128 603 1165 et
627 1137 652 1164 a
677 1122 965 1163 sacratissimo
992 1130 1172 1171 corpore
1206 1122 1248 1157 et
1275 1117 1490 1171 sanguine
1517 1117 1598 1156 Dei
1631 1120 1673 1155 et
1699 1115 1848 1154 domini
1871 1114 2040 1153 redem-

162 1198 294 1249 ptoris
335 1196 468 1235 nostri
507 1195 617 1235 Jesu
650 1191 812 1234 Christi
853 1189 992 1230 aliena
1026 1188 1109 1243 fiat7
1150 1192 1278 1239 atque
1313 1187 1351 1225 in
1394 1189 1580 1225 extremo
1615 1185 1808 1224 examine
1850 1183 2040 1223 districte

161 1268 384 1307 subiaceat
415 1265 572 1305 ultioni.
638 1261 816 1304 Cunctis
849 1264 986 1300 autem
1021 1258 1154 1298 eidem
1188 1257 1281 1296 loco
1323 1268 1400 1295 sua
1434 1256 1526 1294 iura
1559 1254 1833 1294 servantibus
1868 1254 1922 1292 sit
1954 1265 2040 1304 pax

163 1336 311 1377 domini
346 1335 477 1374 nostri
511 1334 620 1375 Jesu
654 1330 829 1385 Christi,
864 1329 1059 1383 quatinus
1093 1330 1135 1366 et
1167 1326 1235 1365 hic
1269 1324 1445 1365 fructum
1477 1325 1589 1364 bone
1626 1323 1805 1363 actionis
1837 1323 2044 1374 recipiant

163 1410 205 1446 et
247 1405 356 1457 apud
386 1402 628 1459 'districtum
669 1401 845 1452 iudicem
885 1399 1044 1450 premia
1085 1400 1234 1436 eterne
1278 1396 1398 1447 pacis
1438 1394 1670 1434 inveniant.
1710 1393 1859 1433 Amen.
1891 1392 2041 1432 Amen.

165 1477 317 1517 Amen.
362 1469 398 1526 ‘l‘
432 1474 535 1527 Ego
571 1470 816 1525 Gregorius
850 1468 1059 1508 catholice
1093 1466 1280 1506 ecclesie
1314 1465 1541 1516 episcopus
1574 1462 1822 1513 subscripsi.
1871 1457 1907 1513 ·1·
1940 1461 2043 1515 Ego

166 1545 389 1586 Johannes
447 1542 493 1584 S.
542 1540 755 1581 Praxedis
804 1538 1033 1590 presbyter
1080 1535 1307 1575 cardinalis
1357 1545 1415 1573 ss.
1488 1529 1524 1584 ’ἶ-
1571 1533 1674 1587 Ego
1722 1531 2044 1571 Bartholomeus

169 1613 501 1657 S.Pudenciane
520 1610 747 1662 presbyter
765 1607 992 1648 cardinalis
1013 1605 1254 1656 tt.pastoris
1273 1615 1332 1643 ss.
1361 1599 1396 1654 ’Σ-
1414 1603 1515 1657 Ego
1535 1599 1763 1642 Guisredus
1780 1604 1826 1640 tt.
1844 1599 2044 1641 S.Marci

172 1684 400 1736 presbyter
426 1680 655 1720 cardinalis
681 1690 740 1718 ss.
784 1673 820 1729 ’Χ-
852 1678 953 1731 Ego
979 1674 1286 1729 Sigembaldus
1313 1673 1359 1714 S.
1388 1671 1619 1713 Laurencii
1645 1671 1685 1710 in
1721 1670 1887 1710 Lucina
1919 1680 2046 1721 pres-

166 1755 291 1804 byter
325 1750 553 1791 cardinalis
587 1760 645 1788 ss.
695 1744 730 1799 ἦ·
763 1747 865 1800 Ego
899 1745 1144 1796 Stephanus
1178 1743 1225 1783 S.
1259 1743 1400 1783 Mai-ie
1434 1745 1553 1781 trans
1587 1740 1773 1780 Tiberim
1807 1742 1852 1779 tt.
1887 1736 2044 1780 calixti

166 1822 396 1875 presbyter
420 1818 648 1859 cardinalis
673 1829 732 1857 ss.
783 1812 819 1867 ’Χ-
854 1816 954 1869 Ego
982 1814 1176 1854 ,Iacobus
1209 1812 1477 1852 Tusculanus
1504 1810 1730 1861 episcopus
1754 1820 1812 1848 ss.
1871 1804 1907 1859 ’ξ’
1942 1808 2043 1861 Ego

169 1892 432 1933 Octavianus
466 1888 549 1931 SS.
583 1887 733 1941 Sergii
768 1889 810 1926 et
834 1884 968 1924 Bachi
998 1884 1201 1923 diaconus
1229 1881 1454 1922 cardinalis
1488 1891 1546 1918 ss.
1595 1875 1631 1930 ‘X‘
1665 1878 1766 1932 Ego
1800 1877 2044 1928 Raynerius

172 1974 206 2001 s.
239 1960 381 2000 Marie
416 1960 456 1998 in
491 1956 705 1999 Cosmidin
740 1955 943 1995 diaconus
978 1952 1207 1992 cardinalis
1240 1963 1297 1990 ss.
1357 1946 1392 2001 ἦ·
1427 1950 1529 2003 Ego
1563 1948 1779 1987 Romanus
1813 1958 1848 1986 s,
1881 1945 2045 2000 Angeli

172 2030 378 2069 diaconus
412 2027 642 2067 cardinalis
675 2037 734 2065 ss.
799 2020 835 2075 ’Χ-
870 2024 972 2078 Ego
1005 2021 1191 2076 Egidius
1229 2019 1311 2062 SS.
1347 2017 1501 2059 Cosme
1542 2021 1584 2057 et
1620 2016 1811 2056 Damiani
1845 2015 2047 2055 diaconus

171 2098 402 2138 cardinalis
436 2109 494 2137 ss.
560 2092 596 2148 ’Χ-
630 2095 733 2150 Ego
766 2094 923 2134 Petrus
957 2104 991 2131 s.
1026 2091 1209 2145 Georgii
1250 2089 1302 2129 ad
1337 2088 1472 2128 velum
1507 2097 1678 2126 aureum
1711 2085 1914 2125 diaconus
1947 2095 2048 2123 car-

173 2168 323 2208 dinalis
356 2178 415 2205 ss.
467 2162 502 2218 †
531 2166 634 2220 Ego
667 2163 920 2216 Raynaldus
953 2174 987 2201 s,
1021 2159 1244 2201 Eustachii
1277 2158 1480 2198 diaconus
1514 2155 1741 2195 cardinalis
1774 2166 1832 2194 ss.
1896 2154 2048 2193 Datum

173 2236 381 2277 Laterani
416 2246 493 2287 per
525 2246 686 2274 manum
719 2233 894 2274 Martini
933 2234 1083 2271 sancte
1116 2229 1307 2269 Romane
1348 2227 1533 2267 ecclesie
1571 2223 1939 2265 vice-cancellarii
1972 2222 2047 2261 ΙΙΙ.

175 2306 326 2346 Nonas
351 2305 468 2358 Julii7
502 2304 729 2343 indictione
754 2303 810 2342 ll.
844 2300 1163 2341 lucan-nacionis
1189 2297 1392 2337 dominice
1421 2308 1531 2335 anno
1563 2292 1842 2336 MCCXXX.
1875 2289 2050 2332 Pontifi-

175 2381 294 2416 catus
327 2385 430 2414 uero
466 2374 615 2412 domini
648 2383 756 2423 pape
790 2371 931 2411 VlllI„
966 2381 1075 2409 anno
1110 2370 1270 2420 quarto.

485 2471 779 2514 Apographum
810 2472 839 2502 in
871 2470 1109 2501 Monastico
1147 2469 1175 2498 in
1206 2466 1343 2498 archivo
1373 2466 1561 2496 monasterii
1598 2461 1914 2504 llayhradensis
1946 2461 2047 2491 minus

591 2525 776 2555 correctum
802 2521 973 2554 emendavi
998 2530 1015 2552 c
1040 2520 1127 2552 hulla
1151 2518 1513 2551 'Pischnowiccnsi
1537 2517 1610 2548 anni
1639 2513 1754 2546 1235.
