2212 2876
1069 73 1183 134 ²330

192 239 312 279 nicus
344 237 697 282 Bolezlaviensis.
743 234 862 282 'Siro
900 234 1150 286 kapellanus
1184 235 1333 275 domini
1373 235 1529 290 Regis.
1591 237 1820 277 Heinricus
1853 238 2060 290 plebanus

192 307 245 349 de
279 305 456 348 Cozten.
518 307 671 346 Brumo
704 305 811 344 ciuis
843 305 1125 344 Brvnnensis.
1165 305 1413 345 Alrammus.
1446 305 1730 360 Peregrinus·
1764 307 1919 347 Petrus
1953 306 2060 347 filius

192 376 403 428 Symonis.
475 373 673 426 Syl'ridus
723 377 765 413 et
812 371 968 413 fratres
1017 374 1108 412 eius
1157 374 1329 413 Vlricus
1378 377 1421 413 et
1473 374 1824 414 Werenhardus.
1898 370 2060 416 Albero

190 446 406 500 Egrensis
431 445 558 484 etalii
581 454 700 495 quam
724 443 879 493 plures.
912 442 1023 482 Acta
1048 446 1145 482 sunt
1167 442 1247 482 hec
1273 454 1381 482 anno
1409 443 1574 497 gracie.
1606 443 1668 482 Μ.
1703 442 1794 484 CC.
1826 444 2058 484 XXXVII.

190 514 436 554 Indictione.
462 512 604 552 vllll.
636 511 823 551 XVIIII.
851 511 1070 551 Kalendas
1101 510 1379 563 Septembris.
1434 512 1587 551 Datum
1610 513 1783 552 Brunne
1811 524 1888 564 per
1912 525 2059 553 manus

193 577 456 624 Willehelmi
489 581 653 620 notarii.

501 680 556 712 Ex
579 679 775 723 originali
798 680 830 711 in
853 678 988 711 archivo
1012 681 1201 712 monasterii
1225 680 1627 713 Tischnowicensis.

970 844 1280 889 CCLXXXV.

222 942 459 996 Greyorz’us
498 955 613 996 papa
652 942 733 982 IX.
757 941 995 994 ,confirmat
1030 943 1323 994 possessiones
1354 943 1601 982 monasterii
1639 941 2030 983 Zabrdowicensz's.

546 1013 619 1051 Dt.
660 1010 844 1062 viterbii,
885 1010 1008 1051 VIII.
1042 1011 1266 1051 Kalendas
1302 1011 1509 1063 Octobris,
1549 1011 1702 1052 1237.

322 1105 584 1178 Gregorius
625 1124 850 1174 episcopus
891 1133 1043 1162 seruus
1083 1134 1302 1162 seruorum
1336 1122 1417 1162 dei.
1479 1123 1661 1163 Dilectis
1701 1121 1793 1163 filiis
1826 1124 1982 1163 Abbati
2016 1128 2059 1164 et

191 1193 384 1246 Capitulo
426 1193 668 1233 monasterii
705 1192 756 1231 de
795 1191 1088 1232 Zobroduwiz
1125 1192 1533 1231 Premonstratensis
1565 1192 1734 1232 Ordinis
1769 1192 2060 1233 Olomueensis
2115 1191 2118 1194 ⁴

189 1262 373 1303 diocesis
407 1263 581 1302 salutem
615 1264 656 1301 et
688 1261 973 1312 Apostolicam
1006 1260 1353 1300 benedictionem.
1407 1261 1544 1300 Justis
1577 1259 1802 1312 petentium
1834 1261 2058 1301 desideriis

189 1331 363 1386 dignum
404 1335 471 1371 est
503 1343 581 1371 nos
619 1329 782 1370 facilem
816 1329 998 1381 prebere
1039 1340 1259 1369 assensum
1293 1333 1334 1369 et
1375 1333 1475 1369 vota
1493 1315 1590 1382 ⁴que
1631 1342 1656 1369 a
1688 1330 1863 1370 rationis
1896 1330 2058 1370 tramite

187 1412 270 1441 non
304 1400 547 1440 discordant
582 1398 731 1439 effectu
763 1401 1048 1450 prosequente
1081 1399 1303 1451 complere.
1352 1399 1417 1438 Ea
1450 1402 1623 1450 propter
1650 1398 1789 1438 dilecti
1821 1399 1864 1438 in
1897 1399 2058 1438 domino

189 1468 257 1510 filii
304 1471 462 1509 vestris
509 1470 629 1508 iustis
678 1469 1026 1520 postulationibus
1078 1471 1206 1522 grato
1254 1471 1560 1507 concurrentes
1608 1479 1803 1507 assensu.
1850 1479 2058 1519 personas

189 1542 358 1579 vestras
393 1542 435 1578 et
467 1538 777 1578 monasterium.
821 1538 863 1576 in
896 1548 976 1589 quo
1010 1538 1149 1576 (liuino
1188 1538 1291 1576 estis
1326 1537 1529 1589 obsequio
1569 1538 1805 1588 mancipati.
1839 1548 1930 1576 cum
1970 1549 2059 1576 om-

187 1609 311 1648 nibus
352 1609 473 1648 bonis
524 1618 604 1659 que
644 1608 686 1646 in
727 1607 1034 1658 presentiarum
1085 1606 1393 1646 rationabiliter
1430 1606 1632 1657 possidet.
1682 1610 1753 1645 aut
1791 1607 1832 1645 in
1880 1604 2057 1645 futurum

188 1677 308 1717 iustis
341 1677 471 1716 modis
515 1679 733 1727 prestante
774 1676 935 1715 domino
976 1676 1129 1726 poterit
1170 1675 1359 1726 adipisci.
1399 1676 1477 1715 sub
1512 1676 1633 1715 Beati
1672 1675 1789 1714 Petri
1832 1682 1874 1714 et
1912 1682 2058 1714 nostra

187 1747 447 1797 protectione
496 1746 762 1795 suscipimus.
841 1744 1099 1795 Specialiter
1154 1749 1289 1784 autem
1340 1743 1514 1785 Clobuk.
1565 1742 1825 1783 Prestauillc.
1885 1744 2055 1783 Diuaci.

188 1815 386 1854 Bounici.
411 1814 676 1855 Coulhouici.
707 1813 885 1852 Podole.
909 1812 1199 1852 Zabirdouz‘cz'.
1232 1812 1389 1852 olto-ze.
1417 1814 1604 1852 Kirla'mt.
1630 1812 1762 1852 Koln’.
1798 1812 2054 1852 I'tleesenice.

187 1884 361 1923 Bissou.
395 1882 582 1924 Sirelt'lz.
615 1882 880 1933 Mezylezice'.
910 1881 1155 1922 Cant-ommi.
1187 1881 1456 1922 Barkouene.
1482 1881 1731 1922 Caslcouessce.
1764 1880 2054 1921 Hozleradici.

187 1951 460 1991 Boltumilice‘.
520 1951 739 1992 Vcamene.
788 1951 991 2001 I'yez-era.
1036 1949 1306 1990 Coualouice.
1354 1949 1604 1990 Dralzonice
1643 1953 1682 1989 et
1716 1950 1879 1990 Leuice
1916 1950 2054 1989 villas.

188 2021 296 2060 sicut
331 2032 405 2059 eas
448 2021 554 2060 iuste
588 2031 639 2058 ac
674 2018 846 2071 pacifice
890 2019 1129 2070 possidetis.
1162 2019 1285 2058 vobis
1327 2022 1368 2058 et
1399 2030 1476 2070 per
1517 2030 1594 2057 uos
1628 2018 1760 2058 eidem
1800 2018 2053 2058 monasterio

187 2088 439 2129 authoritate
479 2089 725 2140 Apostolica
766 2086 1051 2128 confirmamus
1092 2091 1133 2127 et
1166 2089 1378 2138 presentis
1421 2088 1565 2138 scripti
1609 2087 1838 2139 patrocinio
1872 2098 2053 2126 commu-

188 2158 333 2197 nimus.
397 2158 508 2196 Nulli
550 2169 658 2211 ergo
698 2158 861 2197 omnino
911 2157 1114 2196 hominum
1152 2157 1291 2196 liceat.
1333 2156 1442 2195 hanc
1485 2156 1683 2211 paginam
1723 2161 1868 2195 nostre
1908 2160 2053 2206 prote-

188 2226 338 2265 ctionis
381 2230 423 2265 et
462 2224 781 2266 confirmationis
831 2224 1071 2279 infringere
1114 2225 1182 2265 vel
1222 2226 1260 2264 ei
1301 2237 1406 2264 ausu
1453 2225 1675 2265 temerario
1716 2225 1941 2264 contraire.
2004 2224 2054 2267 Si

189 2295 280 2346 quis
315 2299 450 2335 autem
484 2295 564 2334 hoc
590 2298 836 2346 attemptare
869 2295 1184 2346 presumpserit.
1209 2294 1538 2348 indignationem
1572 2294 1861 2344 omnipotentis
1895 2293 1976 2332 Dei
2010 2297 2052 2333 et

187 2364 401 2403 beatorum
434 2364 549 2402 Petri
585 2367 626 2402 et
660 2364 790 2405 Pauli.
824 2364 1118 2417 Apostolorum
1153 2363 1255 2403 eius.
1289 2374 1338 2402 se
1372 2363 1536 2402 nouerit
1568 2363 1840 2401 incursurum.
1898 2361 2050 2402 Datum

188 2432 369 2473 viterbii
403 2433 522 2472 Vlll.
555 2432 773 2471 Kalendas
808 2432 1018 2473 Octobris.
1052 2430 1325 2471 l'ontiticatus
1359 2432 1490 2472 nostri
1523 2431 1648 2474 Anno
1681 2431 1928 2477 Vndecimo.

498 2522 551 2557 Ex
576 2522 773 2565 originali
797 2524 827 2554 in
851 2523 987 2557 archivo
1012 2521 1161 2565 ejusdem
1185 2523 1383 2556 monasterii.
