2212 2876
181 224 370 261 uenator.
404 221 598 260 Zlauata.
631 219 829 258 Prauona
856 215 961 256 lilius
994 217 1209 256 XVlassin.
1243 216 1421 255 Ratibor
1453 215 1505 255 de
1531 215 1763 255 Belkouich
1798 227 1887 255 cum
1921 215 2052 256 fratre

181 290 417 329 'Pworimiu
450 289 616 328 Prebor
644 285 749 326 filius
778 286 997 325 Ratlimiri.
1029 286 1096 325 W
1101 285 1203 325 erch
1229 283 1444 337 prefectus
1469 296 1598 336 super
1624 288 1867 324 uenatores.
1900 285 2052 325 Vena-

180 364 295 398 tores
329 362 464 397 autem
499 359 586 396 isti:
628 356 762 395 Milik.
804 354 981 404 Quoton.
1022 354 1221 408 Dragon.
1261 354 1412 394 Budik.
1463 353 1607 393 Otrok.
1651 353 1757 393 Zmil
1797 354 1959 393 villicus
2001 354 2053 393 de

181 427 394 468 Gradech.
436 428 534 466 Jan.
583 426 783 464 Homines
825 423 1162 464 Gradiscenses:
1211 423 1328 463 Male
1369 426 1410 462 et
1450 422 1599 461 Puten.
1649 420 1882 462 Camerarii
1923 423 2053 462 castri

182 496 498 536 olomucensis:
537 493 795 533 Damozlaw.
821 492 933 533 Silis,
970 493 1036 531 De
1071 492 1168 530 uilla
1191 495 1329 530 autem
1363 495 1603 542 nuncupata
1636 491 1743 530 Lazi
1779 504 1853 542 pro
1888 503 2053 530 recom-

182 566 429 616 pensatione
470 564 777 603 dextrariorum
812 562 997 616 duorum,
1039 572 1144 613 quos
1178 560 1339 599 domino
1380 560 1622 600 Marchioni
1655 560 1799 599 obtulit
1831 561 1872 599 in
1906 560 2053 599 valore

180 634 314 674 XXX
346 644 578 672 marcarum
611 630 799 683 prefatus
833 631 983 670 nobilis
1015 631 1166 683 victor,
1200 629 1268 668 isti
1301 627 1468 668 suerunt
1501 629 1716 680 petitores.
1759 629 1908 668 Vocco
1949 627 2053 668 filius

177 702 353 742 Boruth.
396 702 550 743 Oness.
594 700 781 742 Cerhho.
844 701 899 740 Et
939 700 994 738 hii
1037 700 1293 738 circuierunt
1332 701 1464 737 metas
1506 698 1604 737 ville
1655 698 1784 736 certis
1831 698 2053 737 limitantes

181 772 337 826 signiS„
386 774 427 810 et
476 782 567 810 eam
617 770 781 812 Victori
829 770 1130 823 assignantes:
1179 767 1346 819 Spitata
1394 770 1574 806 uenator
1628 766 1811 806 curialis.
1859 767 2052 806 Zlauata.

179 840 422 880 Dirzizlaus
478 838 583 878 filius
631 838 851 890 Sudiwoy.
902 839 992 877 Bun
1039 835 1145 876 filius
1202 836 1399 887 preborii.
1449 836 1647 875 Prauone
1694 834 1800 875 filius
1840 836 2053 875 uflassin.

180 909 347 949 Prebor
386 907 491 947 filius
532 908 750 947 Rathmiri.
791 907 1014 958 Simplices
1046 909 1296 946 uenatores:
1337 904 1453 946 Smil.
1496 904 1642 950 Otrok.
1685 904 1836 944 Budik.
1869 904 2053 944 Misslik.

180 979 364 1017 Kueton.
397 978 599 1032 Dragon.
665 976 852 1017 Omnium
893 979 1029 1014 autem
1064 987 1219 1029 eorum7
1261 985 1342 1026 que
1376 974 1702 1028 prenotauimus7
1745 984 1820 1024 per
1854 973 2056 1013 dominum

179 1046 472 1087 Marchionem
506 1046 673 1085 Victori
706 1045 869 1085 collatis
903 1042 1158 1084 confirmatio
1191 1042 1303 1083 facta
1338 1047 1404 1083 est
1431 1054 1508 1094 per
1540 1043 1853 1082 serenissimum
1885 1042 2055 1096 Regem

179 1116 441 1170 Boemorum·⁷
475 1115 802 1167 wencezlaum,
831 1115 871 1153 in
900 1114 1126 1165 presencia
1153 1113 1299 1152 horum
1322 1113 1509 1152 testium:
1543 1111 1790 1152 Bernardus
1817 1112 2056 1163 Episcopus

179 1185 427 1239 pragensis.
469 1184 709 1224 Mstidruch
749 1184 1012 1238 bui-grauius
1054 1182 1303 1236 pragensis.
1345 1181 1549 1221 Albertus
1590 1181 1642 1220 de
1683 1181 1865 1221 Zliwen.
1906 1180 2055 1219 Vocco

181 1254 522 1293 subcamerarius
557 1254 707 1293 domini
740 1254 877 1307 regis.
910 1252 1151 1293 Pakozlaus
1184 1263 1381 1305 magnus,
1415 1250 1576 1290 Milich.
1610 1250 1727 1289 Ydik
1759 1248 1863 1289 filius
1895 1249 2055 1289 Milicli.

180 1323 362 1362 Ratibor
396 1323 448 1361 de
481 1322 650 1362 Deblin.
684 1322 886 1362 Ranozer
919 1320 1024 1360 filius
1058 1320 1237 1360 VVelen.
1273 1320 1413 1360 Oness
1448 1318 1553 1359 filius
1579 1319 1796 1359 Bludonis.
1831 1317 2055 1359 Conradus

181 1391 234 1430 de
276 1391 467 1442 plauecli.
509 1391 711 1442 Moyecli.
753 1391 930 1430 Beneda
968 1393 1160 1429 uenator.
1203 1389 1456 1429 Ranozerus
1501 1389 1553 1428 de
1588 1388 1754 1440 planch.
1818 1389 1928 1428 Acta
1961 1392 2057 1426 sunt

182 1464 317 1500 autem
345 1460 424 1499 hec
457 1461 582 1500 Anno
609 1460 812 1500 dominice
847 1459 1147 1499 incarnationis
1179 1459 1404 1499 Millesimo
1431 1457 1519 1499 CC.
1545 1459 1691 1498 XXX.
1716 1458 1793 1497 IX.
1827 1458 1866 1496 in
1902 1455 2056 1498 Castro

181 1530 405 1583 pragensi⁷
447 1533 488 1569 et
529 1531 653 1583 regio
688 1527 929 1568 confirmata
972 1528 1131 1583 sigillo,
1166 1532 1207 1568 et
1240 1525 1389 1567 domini
1430 1527 1694 1567 Marchionis
1727 1527 1858 1580 sigilli
1893 1537 2056 1577 appen-

183 1599 304 1638 sione
338 1599 503 1638 munita.
568 1599 721 1638 Datum
755 1610 831 1650 per
863 1610 1023 1638 manum
1056 1597 1294 1651 Usillialmi7
1327 1597 1477 1637 notarii
1513 1597 1663 1636 domini
1698 1597 1833 1650 regis.

495 1698 549 1732 Ex
574 1698 768 1741 originali
793 1699 822 1730 in
848 1698 984 1732 archivo
1009 1699 1197 1730 monasterii
1223 1696 1510 1729 Gradicensis.

1021 1873 1217 1916 cccxl.

184 1969 407 2012 Roherms.
448 1972 671 2023 episcopus
723 1971 1031 2019 Olomucensis,
1071 1970 1326 2010 monasterio
1376 1966 1681 2009 Tiknowieensi
1722 1967 1943 2019 confirmat
1974 1967 2053 2018 jus

226 2043 474 2091 pub-onams
499 2041 704 2079 ecclesiae
729 2052 761 2080 s.
799 2040 1034 2079 Wenceslai
1059 2040 1103 2078 in
1130 2034 1378 2078 Tisnowice.
1417 2038 1567 2078 Actum
1592 2038 1637 2077 in
1660 2037 1828 2087 Brimo,
1860 2034 2010 2075 1239.

316 2132 376 2192 ln
410 2152 571 2191 nomine
605 2156 753 2191 sancte
787 2156 828 2190 et
863 2150 1074 2190 indiuidue
1116 2151 1327 2190 trinitatis.
1391 2149 1608 2189 Rubertus
1651 2148 1718 2188 dei
1760 2148 1913 2202 gracia
1954 2146 2056 2187 010-

186 2221 395 2259 mucensis
430 2222 666 2271 episcopus.
707 2221 937 2259 Vniuersis
979 2219 1137 2260 Christi
1178 2217 1370 2259 fidelibus
1412 2219 1520 2258 hanc
1563 2219 1761 2272 paginam
1804 2216 2058 2267 inspecturis

185 2290 359 2328 salutem
395 2289 434 2328 in
468 2289 643 2328 domino.
707 2290 886 2329 Nouerit
927 2300 1109 2340 presens
1149 2292 1242 2328 etas
1284 2291 1326 2327 et
1365 2299 1624 2327 successura
1665 2287 1907 2338 posteritas7
1949 2284 2057 2336 quod

185 2370 263 2398 nos
287 2358 337 2397 ad
366 2359 614 2409 peticionem
642 2359 811 2398 illustris
840 2359 981 2412 Regis
1006 2358 1178 2398 Boemie
1204 2357 1464 2397 Wencezlai
1491 2360 1533 2395 et
1558 2354 1700 2395 fratris
1734 2355 1799 2394 sui
1824 2353 2056 2403 Premizel,

186 2428 356 2466 illustris
390 2427 652 2467 Marchionis
686 2428 896 2481 Morauio,
933 2439 1093 2467 necnon
1129 2431 1170 2466 et
1202 2427 1474 2466 serenissime
1510 2426 1671 2465 domine
1706 2427 1849 2464 nostre
1883 2423 2057 2477 Regine

188 2496 440 2538 Com-lancie
485 2494 818 2538 confirmauimus¹
854 2497 917 2537 ius
958 2500 1206 2548 patronatus
1246 2497 1287 2536 in
1328 2496 1507 2535 ecclesia
1548 2494 1685 2533 sancti
1736 2491 1976 2532 Irenae-*clai
2015 2492 2058 2530 in
