2212 2876
1059 95 1169 136 203

181 253 291 281 anno
325 251 405 280 rex
436 239 735 280 VVenceslaus
768 239 931 279 militari
964 239 1110 294 gladio
1148 240 1217 278 vest
1249 239 1480 293 accinctus,
1515 240 1557 278 et
1597 250 1622 278 a
1655 230 1890 278 venerabili
1924 249 2054 279 sacre

177 309 508 365 Mogunciensis
533 309 664 350 sedis
704 308 886 360 Syffrido
929 309 1252 360 archiepiscopo
1293 309 1429 348 extitit
1471 311 1712 348 coronatus.
1777 308 1932 347 Datum
1977 319 2055 359 per

179 391 325 419 manus
365 379 542 419 Arnoldi
585 379 830 418 cancellarii
871 382 914 418 et
952 379 1153 430 prepositi
1194 377 1635 432 Wiscliegradensis,
1675 377 1908 417 Hermanni
1950 388 2054 428 pre-

179 449 302 501 positi
335 448 730 488 Luthomericensis
762 449 914 487 notarii
948 448 1076 502 regie
1109 447 1217 487 aule.
1897 445 1901 449 ’

492 548 522 581 Ε
553 549 671 589 copia
700 549 889 580 monasterii
919 548 1031 579 aboliti
1060 547 1192 579 Aulae
1223 547 1393 588 reginae
1423 547 1664 578 Brunensis.
1694 565 1738 569 —
1766 546 1938 579 Excusum
1963 545 2055 579 dedit

596 600 712 633 Piter
734 601 766 631 in
790 600 1006 632 Thesauro
1030 598 1189 632 abscond.
1214 608 1291 640 pag.
1319 597 1407 630 195.

948 775 1286 819 CLXXXVIII.

187 882 476 933 ”eneces-laus,
515 893 600 921 rem
633 881 907 932 Boenmrum,
948 880 1140 921 concedit
1170 879 1407 919 hominibus
1441 880 1690 919 monasterie·
1725 878 2055 931 Lilomyslensis

176 952 221 991 in
253 951 484 990 remedium
517 952 683 990 aninmo
712 949 867 1002 fratri-s·
900 951 969 989 .ςηὶ
1003 949 1241 1001 IVIadisIm',
1275 948 1485 1000 qnondam
1517 948 1780 988 inarcliz‘onis
1814 950 2054 1001 ssloraviae,

432 1021 709 1059 avennionem
742 1032 768 1058 α
788 1019 1097 1072 jurisdictione
1129 1019 1275 1059 laicali
1308 1022 1347 1058 el
1376 1020 1421 1058 in
1453 1019 1565 1058 aliis.
1637 1017 1789 1059 1228.

308 1113 366 1174 In
397 1133 558 1171 nomine
584 1136 733 1171 sancte
768 1135 809 1172 et
842 1131 1053 1171 indiuidue
1078 1135 1120 1171 et
1152 1134 1357 1183 perpetue
1389 1130 1602 1170 trinitatis.
1656 1129 1954 1170 Wencesiaus
1987 1130 2056 1170 dei

177 1203 330 1258 gracia
366 1202 463 1241 Rex
496 1201 734 1240 boemorum
768 1201 956 1241 omnibus
989 1200 1040 1240 ad
1076 1211 1179 1253 quos
1206 1211 1386 1252 presens
1421 1201 1584 1254 pagina
1609 1199 1844 1239 deuenerit.
1878 1200 2056 1240 salntem

178 1276 220 1312 et
269 1271 362 1311 tidei
411 1271 625 1321 pietatem.
698 1269 802 1311 Cum
851 1271 959 1310 inter
1008 1270 1239 1313 mundanas
1287 1272 1491 1311 actiones.
1539 1281 1591 1309 ea
1642 1269 1733 1308 sola
1781 1269 1962 1309 salubris
2004 1281 2056 1309 ac

178 1342 389 1381 meritoria
425 1343 683 1391 permaneat.
726 1351 806 1392 que
841 1340 981 1380 diuine
1015 1340 1302 1379 retributionis
1337 1344 1379 1378 et
1411 1338 1640 1393 obtinende
1678 1343 1884 1390 perpetue
1919 1340 2056 1379 beati-

177 1411 331 1451 tudinis
378 1411 532 1464 gracia
573 1409 826 1449 celebratur.
869 1410 951 1449 alie
994 1420 1137 1459 omnes
1188 1420 1303 1448 more
1347 1408 1543 1459 liquentis
1584 1419 1694 1460 aque
1735 1419 1825 1447 cum
1867 1411 2056 1459 tempore

180 1483 402 1520 transeunt
427 1484 469 1519 et
498 1480 706 1519 labuntur.
732 1480 857 1518 nichil
883 1491 1026 1519 secum
1061 1478 1299 1530 temporalis
1326 1477 1619 1517 delectationis
1649 1479 1883 1517 retinentes
1911 1482 2056 1529 preter

180 1554 369 1601 peccata.
405 1560 485 1600 que
519 1549 672 1588 talibus
706 1552 985 1603 generantur.
1018 1548 1128 1588 hanc
1162 1548 1295 1602 igitur
1328 1544 1707 1586 considerationem
1741 1548 1876 1587 animo
1911 1547 2055 1587 reuol-

178 1622 343 1658 nentes.
385 1618 765 1658 animaduertimus.
814 1618 992 1670 qualiter
1031 1618 1142 1657 bona
1190 1617 1431 1656 monasterii
1479 1616 1831 1656 Luthomislensis
1877 1621 2056 1668 possent

177 1687 230 1727 ad
267 1691 417 1727 statum
442 1688 658 1739 pristinum
691 1685 924 1727 reformari.
951 1699 1031 1739 que
1065 1698 1141 1739 per
1175 1686 1427 1725 discordiam
1461 1685 1653 1724 nobilium
1679 1689 1795 1726 terre
1827 1687 1870 1726 in
1898 1690 2055 1726 tantum

178 1761 421 1808 consumpta
459 1755 628 1796 fuerant
667 1760 710 1797 et
749 1757 966 1796 distracta.
1008 1760 1053 1796 ut
1099 1757 1219 1796 etiam
1261 1754 1415 1794 fratres
1463 1755 1626 1795 ibidem
1655 1755 1837 1794 diuinum
1879 1754 2055 1795 osticium

178 1830 459 1880 peragentes.
491 1827 644 1865 uictum
678 1830 720 1865 et
753 1826 944 1865 uestitum
979 1826 1146 1877 penitus
1187 1837 1268 1864 non
1301 1825 1522 1864 haberent.
1586 1824 1676 1864 Nos
1719 1825 1860 1876 itaque
1892 1827 2055 1876 tempo-

179 1896 295 1936 ribus
336 1896 492 1935 nostris
531 1895 642 1935 bona
685 1895 929 1935 claustralia
963 1895 1156 1935 dolentes
1198 1895 1337 1934 taliter
1370 1894 1580 1945 deperire.
1624 1905 1699 1944 pro
1742 1893 1878 1933 salute
1918 1895 2054 1934 anime

178 1965 317 2006 dilecti
351 1963 494 2004 fratris
529 1965 657 2004 nostri
692 1965 802 2005 bone
835 1965 1044 2005 memorie.
1078 1964 1343 2005 Mai-chionis
1377 1963 1587 2003 Morauie.
1621 1963 1785 2002 nomine
1819 1962 1886 2002 W
1888 1963 2053 2003 adizlai.

177 2038 219 2075 et
254 2047 328 2087 pro
364 2034 548 2074 remedio
589 2039 855 2086 peccatorum
898 2038 1132 2074 nostrorum
1174 2034 1405 2074 statuimus.
1447 2036 1489 2072 et
1528 2033 1826 2084 imperpetuum
1872 2032 2055 2072 inuiola-

175 2104 317 2144 biliter
340 2102 637 2144 confirmamus.
671 2108 715 2143 ut
739 2104 928 2143 homines
963 2105 1041 2143 iam
1069 2104 1165 2143 dicti
1193 2103 1432 2142 monasterii
1460 2102 1570 2141 hanc
1596 2101 1781 2141 habeant
1806 2102 2052 2142 libertatem.

177 2175 214 2214 si
247 2174 287 2212 in
321 2173 482 2224 culpam
515 2173 751 2213 inciderint.
785 2174 876 2213 siue
904 2174 1053 2225 aliquis
1087 2174 1127 2212 in
1160 2172 1269 2212 uillis
1294 2172 1480 2211 ecclesie
1514 2171 1701 2211 eiusdem
1735 2183 1839 2211 casu
1872 2172 2053 2211 misera-

176 2242 249 2283 bili
282 2242 334 2282 ab
369 2243 450 2282 alio
472 2241 722 2282 suffocetur.
758 2243 867 2295 quod
900 2244 1142 2298 uulgariter
1170 2242 1296 2281 hlaua
1330 2241 1494 2281 dicitur.
1527 2252 1605 2281 seu
1637 2241 1776 2293 aliquo
1809 2253 1885 2292 pro
1919 2241 2053 2280 latro-

177 2312 286 2352 cinio
330 2312 558 2351 incusetur.
607 2312 715 2364 quod
756 2313 955 2352 Boemice
996 2311 1130 2352 narok
1169 2316 1360 2351 uocatur.
1407 2311 1498 2350 siue
1542 2311 1664 2350 etiam
1705 2310 1929 2362 aliquando
1970 2309 2055 2349 hac

176 2382 381 2421 seruitute
414 2378 567 2420 suerint
590 2382 781 2436 obligati.
815 2382 921 2434 quod
957 2393 1086 2421 nai-ez
1119 2384 1308 2420 materna
1331 2380 1482 2435 lingna
1515 2381 1761 2419 nominatur.
1786 2380 1853 2420 uel
1888 2380 1924 2419 si
1959 2379 2052 2431 quis

176 2450 381 2490 hominum
405 2448 569 2501 prefate
603 2451 789 2491 ecclesie
817 2462 1052 2503 suspensus
1086 2449 1253 2490 suerint.
1280 2450 1389 2502 quod
1423 2449 1632 2490 wizelche
1664 2450 1862 2489 Boemice
1889 2448 2052 2488 dicitur.

177 2520 231 2560 ab
263 2520 451 2560 omnibus
475 2519 558 2559 hiis
591 2520 707 2572 ipsos
741 2521 906 2572 penitus
944 2520 1208 2560 decernimus
1241 2519 1471 2560 absolutos.
1499 2519 1671 2559 arbitrio
1706 2518 1855 2558 domini
1887 2518 2053 2558 abbatis

1628 2584 1739 2627 262>ss
