2212 2876
1035 123 1139 164 275

153 267 437 319 prenominato
470 278 546 317 pro
585 266 678 305 loco
713 265 781 317 qui
809 253 998 307 'uocatur
1029 266 1230 305 Trebow.
1272 276 1391 318 quem
1425 268 1546 316 pater
1588 267 1733 304 noster
1765 265 1834 304 vir
1863 276 2020 319 magne

153 336 319 375 virtutis
353 340 394 375 et
426 334 534 375 same
577 336 646 387 qui
679 335 730 374 ob
773 335 1171 386 probitatem·suam
1213 335 1255 374 in
1287 338 1371 374 toto
1413 335 1517 373 orbe
1556 337 1762 385 terrarum
1796 334 2020 374 claruerat.

153 404 246 444 dum
286 405 465 448 uiueret
491 392 558 444 ad‘
585 405 810 444 claustrum
844 402 1045 454 prefatum
1089 402 1363 443 edificandum
1404 403 1733 461 designauerat.
1767 403 1874 454 quod
1917 414 2022 442 con-

153 474 354 514 cambium
388 478 431 512 ut
463 474 517 512 sit
550 477 680 512 ratum
714 477 756 512 et
788 473 1081 512 inconcussum
1107 471 1239 512 frater
1272 476 1417 511 noster
1444 473 1741 511 serenissimus
1774 471 1874 510 Rex
1906 472 2023 511 Boe-

152 555 307 583 morum
349 543 626 582 W’encezlcffls
660 543 822 581 nomine
846 553 924 581 sua
958 543 1208 581 auctoritate
1242 541 1295 580 de
1328 528 1473 580 nostra
1504 541 1615 580 bona
1649 544 1691 579 et
1723 551 1839 579 mera
1872 541 2023 579 uolun-

154 616 240 652 tate
267 610 537 651 confirmauit.
573 611 704 650 eidem
731 596 930 650 claustro.
965 611 1073 661 quod
1108 622 1184 649 nos
1218 621 1385 661 semper
1417 601 1663 649 hab‘ebimus
1694 609 1849 648 stabile
1883 613 1925 649 et
1957 608 2024 648 in-

155 681 362 719 uiolatum.
427 679 723 721 Concambium
757 684 893 718 autem
926 679 1006 718 hoc
1040 683 1119 718 est.
1152 679 1341 733 Giglava
1383 690 1473 717 cum
1506 679 1702 718 theloneo
1736 681 1777 717 et
1810 689 1899 717 cum
1933 677 2025 717 aliis

156 750 265 788 uillis
309 749 361 788 ad
410 761 499 788 eam
535 749 853 800 pertinentibus,
894 749 1068 787 scilicet.
1118 747 1445 787 Bolemilchichi.
1493 747 1740 786 VViceuOW.
1789 747 2024 786 Borissow.

155 818 224 857 De
259 821 436 869 pestow.
470 818 674 857 dimidiam
719 818 853 857 uillam
888 829 977 856 cum
1012 817 1116 855 omni
1152 817 1254 855 iure.
1295 816 1527 855 Pobikozli.
1560 815 1784 854 Kohhoue.
1817 815 2025 866 Smyrch-

154 898 294 926 nowe.
337 886 547 926 Vblazka.
601 887 785 940 Legota.
834 885 1092 937 Byrdniche.
1134 886 1267 924 eciam
1313 897 1403 923 cum
1453 885 1541 923 suis
1581 885 1704 923 villis.
1754 888 1796 923 et
1836 884 2024 923 omnibus

155 957 394 995 attinenciis
427 956 591 995 scilicet
623 955 956 994 Branchewess.
991 953 1231 1005 Cyliliowe.
1264 953 1514 993 Jazstrabe.
1540 952 1887 993 Ozthehhouichi.
1921 953 2026 1006 Vg-

156 1025 428 1079 grinowiclii.
461 1024 693 1064 Presseka.
719 1024 965 1063 Dubkowa.·
993 1023 1219 1077 Vinalego.
1244 1023 1519 1076 Wignanow
1553 1026 1689 1061 autem
1714 1033 1803 1060 cum
1837 1022 2025 1061 omnibus

156 1096 245 1134 suis
279 1094 555 1145 appendiciis.
590 1105 645 1133 ex
685 1104 799 1132 mera
832 1093 1085 1132 liberalitate
1129 1096 1275 1130 nostra
1309 1086 1496 1130 addimus
1531 1091 1715 1130 claustro
1750 1091 1952 1141 predicto.
1986 1094 2029 1130 et

155 1164 277 1202 aliam
320 1163 454 1202 uillam
506 1162 801 1201 Wemisslichi
850 1162 1012 1200 nomine
1061 1161 1262 1200 similiter.
1332 1160 1594 1211 Appendicia
1642 1163 1779 1198 autem
1828 1170 2027 1198 vocamus

156 1232 351 1284 quicquid
386 1235 452 1270 est
484 1232 525 1270 in
558 1232 676 1270 siluis
719 1232 759 1269 in
792 1231 924 1281 pratis
959 1231 999 1269 in
1040 1230 1210 1281 pascuis
1244 1230 1283 1268 in
1319 1231 1557 1280 piscaturiS.
1598 1232 1639 1268 et
1680 1228 1912 1267 huiusmodi
1947 1237 2028 1279 que

154 1302 319 1340 utilitati
362 1300 532 1340 claustri
581 1300 848 1339 conueniunt.
911 1299 1190 1338 Decreuimus
1241 1299 1364 1337 etiam
1404 1296 1555 1348 prefati
1604 1298 1843 1336 monasterii
1885 1307 2029 1336 omues

158 1371 460 1421 possessiones
510 1371 587 1408 iam
634 1368 802 1408 liabitas
851 1372 893 1407 et
932 1368 1150 1407 habendas
1201 1368 1240 1406 in
1280 1367 1477 1406 Morauia
1527 1368 1777 1404 constitutas
1820 1365 1873 1404 ab
1922 1364 2029 1404 omni

157 1450 327 1493 genere
361 1439 625 1477 'l'ributoruin
655 1437 937 1491 Vectigalium
973 1435 1252 1477 Collectarum
1278 1436 1535 1486 aliarumque
1567 1435 1740 1473 omnium
1764 1435 2028 1473 exactionum

157 1519 259 1546 esse
292 1507 509 1547 absolutas
535 1507 781 1546 adicientes.
806 1510 850 1545 ut
882 1507 1017 1545 nullus
1045 1517 1119 1556 pro
1154 1508 1384 1544 castrorum
1411 1502 1674 1543 edificatione
1706 1503 1775 1542 uel
1803 1501 2028 1542 reedifica-

158 1578 271 1616 tione
313 1578 405 1616 siue
452 1588 528 1627 pro
577 1576 715 1627 aliqua
763 1576 980 1629 ingruenti
1022 1575 1307 1625 expeditione.
1355 1573 1542 1613 homines
1591 1572 1831 1611 monasterii
1871 1571 2028 1612 audeat

157 1646 410 1697 inquietare.
473 1645 553 1685 Jus
603 1645 747 1684 eciam.
797 1643 904 1695 quod
947 1643 1068 1682 datur
1115 1655 1189 1694 pro
1238 1644 1377 1692 capite
1429 1643 1521 1681 siue
1572 1653 1645 1693 pro
1693 1639 1786 1680 sure
1832 1641 1902 1680 uel
1952 1651 2028 1692 pro

157 1714 290 1756 Swod
325 1715 502 1765 principi
535 1713 602 1752 uel
636 1714 727 1752 eius
760 1711 1065 1752 inbeneficiatis
1099 1713 1353 1751 monasterio
1388 1711 1677 1750 concessimus
1710 1713 1915 1761 perpetuo
1950 1709 2029 1749 ob-

158 1783 382 1822 tinendum.
416 1782 496 1822 hoc
524 1786 760 1822 statuentes
794 1782 846 1821 de
874 1780 979 1820 sure.
1013 1783 1049 1820 si
1076 1782 1115 1820 in
1148 1780 1349 1819 maleficio
1375 1778 1501 1819 fuerit
1526 1778 1821 1830 deprehensus
1853 1789 2029 1819 manens

158 1853 199 1892 in
233 1852 392 1903 prediis
425 1851 667 1890 monasterii
710 1852 801 1890 siue
835 1851 1026 1901 capiatur
1065 1854 1108 1890 et
1140 1861 1279 1889 coram
1313 1850 1462 1888 iudicio
1504 1849 1782 1888 convincatur
1821 1851 2029 1899 quatenus

159 1922 251 1962 eius
283 1921 394 1960 bona
426 1921 678 1960 monasterio
720 1923 964 1959 remaneant
1002 1920 1095 1970 ipse
1128 1930 1232 1958 uero
1264 1918 1492 1958 secundum
1533 1917 1641 1969 quod
1674 1917 1880 1968 placuerit
1910 1917 2030 1968 prin-

159 1990 241 2041 cipi
273 1991 481 2040 puniatur.
545 1989 593 2031 Si
626 2000 729 2029 uero
762 1989 949 2028 homines
983 1988 1227 2028 monasterii
1268 1988 1310 2026 iu
1343 1987 1481 2038 aliquo
1515 1997 1655 2025 coram
1694 1985 1846 2025 iudicio
1880 1985 2030 2037 culpa-

158 2058 268 2099 biles
309 2059 574 2097 inueniantur
614 2069 694 2097 nec
737 2058 858 2097 nobis
900 2069 979 2097 nec
1022 2057 1229 2096 iudicibus
1268 2056 1425 2096 nostris
1467 2055 1536 2094 uel
1578 2054 1804 2094 curialibus
1844 2065 1922 2093 seu
1961 2054 2029 2093 in-

159 2125 422 2168 beneficiatis
471 2127 625 2178 aliquid
665 2127 761 2166 inde
808 2128 1030 2178 proueniat
1069 2126 1256 2165 utilitatis
1304 2125 1382 2165 sed
1422 2128 1521 2175 aput
1568 2123 1863 2163 monasterium
1907 2123 2029 2174 culpe

160 2199 413 2249 perseueret
454 2193 699 2235 satisfactio.
733 2196 812 2235 nisi
846 2197 887 2234 in
921 2207 1000 2247 quo
1033 2198 1201 2235 tenetur
1233 2191 1486 2233 satisfacere
1520 2193 1781 2232 aduersario.
1829 2189 2029 2233 Ceterum

160 2269 298 2306 autem
329 2268 374 2304 ut
406 2265 540 2304 omnia
572 2265 761 2304 breuiter
793 2264 1197 2316 comprehendamus
1229 2273 1347 2302 omne
1389 2263 1457 2317 ius·
1489 2261 1598 2313 quod
1641 2265 1807 2312 spectat
1839 2260 1891 2299 ad
1924 2271 2027 2299 usus

162 2335 391 2387 principum
425 2333 559 2373 eidem
590 2335 843 2374 monasterio
878 2334 1118 2373 remittimus
1150 2335 1195 2371 ut
1217 2331 1343 2383 plena
1377 2334 1418 2370 et
1450 2328 1640 2382 perfecta
1674 2330 1864 2384 gaudeat
1896 2329 2028 2367 liber-

161 2408 248 2444 tate
281 2414 361 2442 nec
393 2403 501 2441 ullus
534 2403 572 2442 ei
606 2415 739 2442 nouas
773 2403 1034 2442 conditiones
1071 2400 1227 2441 audeat
1258 2402 1473 2451 imponere
1495 2399 1575 2446 *uel
1607 2401 1698 2438 eius
1733 2400 1822 2438 iura
1854 2401 2026 2437 mutare.

161 2473 218 2515 Ut
255 2475 393 2511 autem
432 2472 512 2511 hec
553 2472 687 2511 omnia
730 2473 860 2511 robur
896 2471 1084 2510 habeant
1130 2473 1335 2521 perpetue
1375 2467 1590 2508 firmitatis.
1654 2469 1777 2508 Hanc
1825 2468 2026 2520 paginam

162 2544 307 2582 nostro
326 2541 469 2596 sigillo
492 2539 666 2581 fecimus
691 2541 889 2595 insigniri
912 2544 954 2580 et
979 2539 1226 2594 rogauimus
1250 2539 1449 2578 illustrem
1473 2538 1643 2592 Regem
1663 2536 1832 2575 Boemie
1857 2534 2026 2575 fratrem

1603 2604 1669 2645 35
1684 2602 1716 2634 ‘⁴7‘
