2212 2876
1016 48 1086 90 47

115 207 234 235 suum
266 196 490 248 pertinent,
524 182 750 247 exercere,
784 195 827 232 et
858 192 981 232 vobis
1015 193 1151 232 omnia
1189 191 1244 232 ab
1278 191 1358 231 alio
1398 191 1598 244 episcopo
1632 191 1870 242 percipere,
1907 202 1988 243 que

115 276 142 304 a
181 270 327 304 vestro
372 262 528 304 suerint
574 263 758 303 indebite
807 261 1039 316 denegata.
1102 260 1208 301 Illud
1257 261 1506 314 adicienteS,
1554 263 1600 299 vt
1640 260 1682 299 in
1731 260 1988 311 recipiendis

116 331 466 387 professionibus,
501 344 582 385 que
623 344 648 371 a
681 330 916 371 benedictis
956 331 1027 371 vel
1065 342 1090 369 a
1122 330 1427 370 benedicendis
1460 329 1683 370 abbatibus
1719 330 1989 383 exhibentur,

116 413 169 442 ea
208 403 292 441 sint
333 402 522 453 episcopi
562 399 695 440 forma
742 404 785 440 et
824 401 1106 451 expressione
1155 399 1354 452 contenti,
1397 409 1479 451 que
1522 398 1576 438 ab
1617 398 1789 452 origine
1830 398 1989 437 ordinis

114 472 303 511 noscitur
336 472 535 525 instituta,
577 474 622 511 vt
655 469 819 509 scilicet
860 469 1038 509 abbates
1079 469 1158 520 ipsi
1198 469 1399 519 episcopo
1438 467 1556 506 saluo
1599 456 1746 507 ordine
1779 478 1855 506 suo
1878 479 1990 518 ,pro-

115 537 223 581 fiteri
264 541 448 581 debeant
496 543 538 580 et
579 543 723 579 contra
770 541 927 578 statuta
974 538 1133 577 ordinis
1179 537 1243 577 sui
1291 537 1441 576 nullam
1490 534 1797 588 professionem
1845 535 1990 576 facere

116 609 431 661 compellantur.
496 609 580 648 Pro
623 609 957 659 consecraciope
992 618 1096 647 vero
1138 607 1329 646 altarium
1362 606 1432 646 vel
1466 606 1757 659 ecclesiarum,
1790 606 1882 645 siue
1917 617 1990 656 pro

117 678 210 718 oleo
243 684 408 732 sancto,
443 678 511 717 vel
546 678 730 729 quolibet
763 677 843 715 alio
886 676 1181 716 ecclesiastico
1215 679 1481 715 sacramento
1523 675 1658 714 nullus
1692 688 1716 714 a
1757 675 1878 714 vobis
1913 674 1990 713 sub

117 747 288 787 obtentu
321 747 636 787 consuetudinis
671 746 739 785 vel
772 746 854 785 alio
888 745 1006 785 modo
1041 745 1262 796 quidquam
1305 744 1460 784 audeat
1493 748 1766 797 extorquere,
1800 744 1877 783 sed
1912 743 1993 782 hec

118 817 253 856 omnia
294 817 434 871 gratis
479 816 598 855 vobis
640 815 867 865 episcopus
908 814 1162 853 diocesanus
1204 813 1427 866 impendat,
1469 813 1652 864 alioquin
1696 813 1822 852 liceat
1854 813 1992 866 vobis,

119 897 369 938 quecunque
402 885 644 937 malueritis,
678 883 926 923 catholicum
960 883 1078 923 adire
1103 884 1327 922 antistitem
1362 882 1556 936 graciam
1589 885 1631 920 et
1664 882 1991 920 communionem

117 955 350 1006 apostolice
382 954 499 993 sedis
534 953 774 1007 habentem,
808 954 876 1005 qui
910 958 1054 992 nostra
1090 951 1223 992 fretus
1256 952 1521 1005 auctoritate,
1547 951 1669 989 vobis
1704 950 1813 1001 quod
1848 954 1995 1001 postu-

117 1023 214 1064 latis
248 1024 471 1075 impendat.
538 1022 659 1072 Quod
692 1023 727 1061 si
761 1023 891 1062 sedes
934 1022 1152 1061 diocesani
1186 1022 1375 1073 episcopi
1415 1018 1523 1059 sorte
1567 1021 1800 1073 vacauerit,
1833 1020 1996 1058 interim

118 1093 253 1133 omnia
287 1093 579 1132 ecclesiastica
605 1096 874 1131 sacramenta
896 1104 921 1130 a
954 1092 1105 1130 vicinis
1133 1091 1346 1142 episcopis
1372 1090 1571 1140 accipere
1597 1089 1730 1128 libere
1765 1092 1806 1128 et
1831 1089 1995 1139 absque

118 1162 460 1202 contradiccione
496 1162 683 1214 possitiS,
708 1162 769 1200 sic
803 1166 955 1213 tamen,
982 1165 1026 1200 ut
1058 1172 1114 1200 ex
1149 1160 1227 1199 hoc
1262 1160 1301 1198 in
1328 1162 1539 1210 posterum
1574 1159 1753 1210 propriis
1782 1158 1996 1208 episcopis

119 1231 271 1271 nullum
306 1231 576 1282 preiudiciurn
601 1234 853 1285 generetur.
904 1229 1011 1278 Quia
1044 1241 1149 1269 vero
1184 1229 1386 1268 interdum
1412 1228 1671 1280 propriorum
1707 1228 1998 1278 episcoporum

121 1301 280 1352 copiam
315 1312 397 1341 non
431 1300 611 1353 habetis,
646 1300 682 1338 si
717 1311 836 1351 quem
871 1301 1113 1351 episcopum
1137 1299 1325 1337 Romane
1359 1297 1489 1351 sedis,
1525 1301 1570 1336 vt
1603 1297 1781 1336 diximus
1815 1308 1997 1336 commu-

123 1370 285 1410 nionem
319 1369 543 1409 habentem
585 1373 627 1409 et
668 1369 720 1408 de
762 1380 841 1420 quo
884 1369 1047 1420 plenam
1091 1368 1284 1407 noticiam
1326 1366 1535 1419 habeatis,
1578 1377 1655 1417 per
1694 1378 1772 1405 uos
1812 1366 1997 1405 transire

121 1441 366 1494 contigerit,
401 1440 454 1478 ab
489 1450 540 1478 eo
580 1438 909 1478 benedicciones
950 1450 1148 1477 vasorum
1189 1440 1230 1476 et
1263 1437 1456 1489 vestium,
1497 1436 1855 1474 consecraciones
1889 1435 1999 1474 alta-

121 1510 238 1563 rium,
262 1509 558 1548 ordinaciones
583 1507 877 1547 monachorum
900 1508 1148 1547 auctoritate
1174 1506 1405 1557 apostolice
1429 1505 1545 1544 sedis
1572 1505 1767 1556 recipere
1801 1504 1996 1543 valeatis.

125 1578 259 1618 Porro
293 1578 329 1617 si
355 1578 545 1629 episcopi
578 1577 647 1616 vel
681 1577 750 1616 alii
779 1577 1056 1616 ecclesiarum
1090 1580 1282 1615 rectores
1316 1575 1356 1614 in
1381 1575 1675 1613 monasterium
1709 1577 1896 1613 vestrum
1928 1572 1998 1612 vel

123 1658 330 1699 personas
383 1646 481 1685 inibi
530 1647 779 1685 constitutas
820 1646 1127 1699 suspensionis,
1179 1644 1629 1683 excommunicacionis
1677 1643 1746 1682 vel
1787 1642 1999 1682 interdicti

124 1716 384 1755 sentenciam
434 1715 812 1769 promulgauerint,
855 1716 947 1754 siue
995 1715 1127 1753 eciam
1168 1714 1209 1752 in
1247 1713 1566 1752 mercennarios
1608 1715 1778 1752 vestros
1819 1723 1892 1763 pro
1932 1723 1998 1765 eo,

125 1785 235 1838 quod
267 1785 452 1825 decimas
475 1785 768 1837 non‘soluitis,
793 1784 884 1823 siue
919 1784 1058 1836 aliqua
1083 1794 1238 1836 eorum,
1273 1793 1353 1833 que
1387 1782 1440 1820 ab
1467 1781 1701 1832 apostolica
1727 1781 1998 1835 benignitate

127 1855 249 1894 vobis
267 1854 422 1894 indulta
443 1859 553 1908 sunt,
573 1865 650 1893 seu
675 1851 972 1892 benefactores
994 1856 1164 1892 vestros
1189 1863 1262 1903 pro
1283 1862 1346 1904 eo,
1365 1850 1473 1902 quod
1497 1851 1636 1902 aliqua
1654 1850 1775 1889 vobis
1791 1847 1998 1889 beneficia

126 1924 196 1964 vel
230 1924 436 1975 obsequia
470 1934 527 1963 ex
554 1924 732 1962 caritate
766 1923 1041 1975 prestiterint,
1074 1921 1145 1961 vel
1178 1921 1231 1959 ad
1263 1919 1536 1959 laborandum
1563 1919 1813 1958 aduenerint
1846 1919 1886 1958 in
1920 1918 1999 1957 illis

125 1992 274 2032 diebus
308 1993 350 2032 in
383 1992 533 2044 quibus
574 2004 652 2031 vos
695 1991 897 2031 laboratis
938 1994 979 2030 et
1018 1990 1088 2029 alii
1126 1987 1344 2043 feriantur,
1385 1989 1559 2028 eandem
1600 1989 1858 2027 sentenciam
1898 1999 2000 2039 pro-

133 2061 316 2115 tulerint,
357 2062 487 2113 ipsam
519 2064 724 2112 tamquam
759 2064 906 2099 contra
939 2059 1055 2099 sedis
1096 2059 1326 2110 apostolice
1360 2058 1516 2097 indulta
1562 2057 1765 2109 prolatam
1808 2057 1998 2096 duximus

129 2129 382 2169 irritandam.
437 2130 529 2170 Nec
563 2130 701 2169 littere
734 2129 816 2169 ulle
851 2127 1079 2169 firmitatem
1112 2128 1311 2181 habeant,
1336 2138 1440 2179 quas
1474 2128 1599 2166 tacito
1633 2127 1796 2166 nomine
1830 2124 1998 2166 Cister-

133 2199 291 2238 ciensis
332 2198 488 2238 ordinis
529 2202 571 2238 et
612 2203 761 2238 contra
807 2204 994 2238 tenorem
1035 2197 1357 2249 apostolicorum
1387 2196 1722 2250 ·priuilegiorum
1762 2195 2000 2234 constiterit

129 2267 354 2318 impetrari.
417 2267 627 2308 Preterea
670 2279 760 2307 cuin
801 2278 1015 2307 commune
1063 2265 1325 2305 interdictum
1367 2269 1482 2305 terre
1531 2263 1670 2319 fuerit,
1710 2264 1836 2303 liceat
1874 2264 1998 2303 vobis

130 2336 418 2376 nichilominus
459 2337 499 2376 in
539 2341 686 2376 vestro
734 2337 990 2376 monasterio
1033 2335 1219 2375 exclusis
1266 2335 1635 2374 excommunicatis
1685 2336 1726 2373 et
1765 2333 1998 2373 interdictis

130 2405 271 2446 diuina
310 2404 447 2445 officia
487 2406 723 2445 celebrare.
788 2406 891 2445 Paci
934 2416 1099 2457 quoque
1139 2416 1190 2444 ac
1230 2404 1515 2456 tranquillitati
1559 2408 1705 2443 vestre
1745 2406 1923 2455 paterna
1957 2403 1998 2441 in

125 2478 337 2526 posterum
370 2475 646 2515 sollicitudine
679 2475 906 2526 prouidere
938 2474 1131 2514 uolentes
1164 2474 1413 2514 auctoritate
1448 2473 1679 2525 apostolica
1713 2471 1996 2524 prohibemus,
