2212 2876
982 79 1042 121 71

80 226 276 269 Sciziaus
317 222 423 263 filius
463 223 610 263 Zwar.
652 221 875 263 Dubache.
923 224 1054 264 Vitko
1094 222 1200 265 filins
1248 225 1445 265 uitkonis.
1488 225 1705 266 Dietricus
1745 237 1837 266 cum
1874 224 1956 267 filio

81 295 229 338 Gruth.
264 294 385 334 Leua
409 292 539 333 iudex
571 292 812 332 bernensis.
838 292 1146 333 WVernhardus
1174 294 1227 335 de
1259 298 1398 346 tyrna.
1424 295 1731 349 [mmerammus
1762 295 1956 350 burgra-

78 367 173 406 uius
206 365 259 405 de
291 363 464 404 Znoem.
507 362 660 402 Lutek.
695 361 877 402 Olbram.
917 361 1164 414 Stephanus
1198 363 1250 403 de
1283 364 1530 404 Weweriu.
1569 363 1722 404 Zudek
1761 363 1956 405 Rohche.

80 434 221 476 Oness
248 431 354 472 filius
387 431 508 471 Blud.
533 431 832 486 Bogusszlaus
866 429 972 471 filius
999 432 1121 483 petri.
1155 432 1197 471 V
1200 432 1418 472 itosszlav.
1452 430 1677 484 Capellani
1700 433 1818 473 curie
1850 443 1956 473 mee.

80 502 295 545 Zssudek.
315 501 448 544 Sdon.
464 501 702 542 Johannes.
720 500 1009 540 Burchardus.
1028 501 1164 541 Zuda.
1189 502 1303 541 Acta
1321 505 1416 542 suut
1432 502 1513 542 hec
1529 513 1639 542 anno
1655 499 1955 544 M.CO.X1111.

83 573 287 614 dominice
320 571 636 611 incarnationis.
679 582 789 610 anno
829 582 934 610 vero
974 571 1235 622 principatus
1267 572 1348 611 mei
1385 571 1486 612 XV.
1550 572 1666 611 Data
1705 583 1811 612 uero
1843 571 1956 611 Pro-

80 648 271 694 ssteyow
295 642 349 682 ll.
375 640 598 681 Kalendas
622 640 801 680 ianuarii
826 650 905 692 per
929 651 1076 679 manus
1102 640 1347 692 apollinaris
1380 641 1498 682 curie
1522 652 1614 682 mee
1637 641 1954 694 prothonotarii.

393 771 447 803 Ex
471 770 666 811 originali
695 770 727 801 in
750 769 886 801 archivo
915 769 1199 801 Melitensium
1223 770 1393 813 Pragae.
1421 790 1466 794 —
1491 770 1642 814 Sigillum
1666 774 1834 815 equestre,
1858 770 1953 813 cujus

494 824 623 864 insigne
646 822 711 854 leo
734 820 990 854 bicaudatus.

946 1024 1087 1065 LXII.

77 1146 294 1201 premysl,
338 1159 422 1186 rea·
469 1146 743 1197 Boemomm,
791 1146 1014 1199 confirmat
1063 1146 1337 1200 privileyz'um
1375 1146 1638 1200 praecedens
1683 1146 1838 1200 fratris
1887 1146 1957 1186 suz·

85 1218 327 1272 Wladislai,
366 1215 628 1257 marchionis
668 1217 908 1267 Mor-aviae,
957 1216 1101 1257 ordini
1142 1229 1175 1256 ε.
1209 1217 1396 1257 ‚loannis
1435 1216 1653 1257 Hieros-ol.
1694 1227 1955 1256 concessum.

353 1287 515 1327 Datum
548 1282 803 1337 Prostbyow
831 1284 975 1338 pridie
1006 1285 1233 1326 Kalendas
1266 1286 1485 1337 ,fimum-ii,
1525 1284 1678 1326 1213.

207 1380 268 1442 In
302 1399 465 1438 nomine
499 1401 651 1438 sancte
681 1397 881 1438 trinitatis
921 1400 963 1437 et
996 1397 1209 1437 indiuidue
1247 1399 1431 1438 unitatis.
1495 1398 1598 1452 Ego
1638 1397 1856 1438 Premissl
1886 1395 1955 1436 dei

78 1471 233 1526 gracia
273 1469 372 1508 Rex
411 1468 649 1507 boemorum
683 1467 826 1536 *omui
859 1467 1080 1518 hospitalis
1123 1468 1260 1507 sancti
1300 1468 1494 1507 iohannis
1537 1470 1580 1507 et
1619 1467 1710 1506 eius
1752 1464 1954 1506 fratribus

78 1540 121 1580 in
152 1541 411 1591 perpetuum.
475 1535 580 1577 Cum
622 1537 767 1576 nostre
809 1537 1035 1576 conueniat
1075 1536 1351 1588 prouidentie.
1391 1540 1633 1577 sanctarum
1674 1535 1953 1576 ecclesiarum

77 1608 171 1662 paci
211 1610 254 1647 et
293 1607 421 1659 quieti
463 1605 702 1657 prouidere.
743 1605 784 1644 in
824 1605 935 1644 nulio
977 1605 1186 1645 credimus
1233 1606 1296 1645 eis
1335 1606 1477 1660 magis
1525 1615 1783 1645 succurrere
1832 1615 1953 1655 quam

78 1678 259 1729 ipsarum
301 1675 603 1727 possessiones
643 1686 669 1714 a
709 1675 874 1714 cunctis
914 1675 1216 1715 uexationibus
1261 1675 1303 1714 in
1346 1678 1540 1727 quantum
1580 1685 1801 1726 possumus
1840 1676 1953 1712 tutas

78 1746 262 1787 reddere
295 1749 337 1784 et
367 1756 442 1784 eas
476 1748 683 1795 perpetua
707 1743 905 1783 libertate
938 1743 1166 1784 honorare.
1215 1745 1424 1784 Nouerint
1457 1745 1599 1796 itaque
1623 1748 1705 1783 tam
1727 1746 1952 1794 presentes

78 1827 198 1868 quam
230 1813 369 1854 futuri.
405 1813 514 1865 quod
548 1824 693 1853 ornnes
728 1813 1031 1864 possessiones
1072 1825 1177 1865 quas
1211 1813 1361 1853 domus
1394 1815 1530 1853 sancti
1562 1812 1760 1853 iohannis
1792 1813 1837 1851 in
1870 1813 1952 1851 tota

77 1885 278 1926 Moram‘a
303 1883 467 1922 scilicet
496 1883 541 1922 in
567 1882 852 1923 Olomucensz‘.
879 1883 924 1921 in
949 1883 1222 1923 Znoemensi.
1255 1883 1300 1922 in
1320 1883 1548 1922 Brenensi.
1580 1883 1626 1921 in
1649 1880 1950 1922 Galessicensi.

75 1953 312 2006 prouinciis
352 1951 554 2003 possidet.
593 1951 663 1991 uel
702 1951 840 1991 adhuc
880 1954 947 1992 est
988 1963 1258 2003 possessura.
1301 1955 1472 2003 propter
1510 1949 1951 2002 superhabundantem

78 2024 260 2074 ipsorum
302 2023 418 2061 circa
464 2032 691 2073 pauperes.
732 2019 926 2061 infirmos.
978 2024 1021 2061 et
1059 2022 1318 2075 peregrinos
1360 2022 1568 2071 pietatem.
1617 2020 1670 2059 ab
1712 2019 1819 2059 omni
1858 2019 1950 2057 iure

79 2091 188 2144 quod
231 2090 284 2130 ad
325 2102 402 2129 nos
450 2091 517 2130 uel
557 2101 841 2130 successores
889 2094 1072 2130 nostros.
1111 2090 1179 2130 uel
1220 2090 1273 2129 ad
1314 2091 1528 2141 principes
1577 2092 1693 2129 terre
1733 2088 1842 2127 illius
1882 2088 1951 2128 uel

79 2171 220 2200 eorum
260 2170 542 2199 successores
582 2160 777 2211 pertinet.
818 2159 1136 2200 absoluerimus.
1185 2163 1227 2199 et
1265 2163 1309 2198 ut
1352 2171 1376 2198 a
1418 2160 1582 2198 nemine
1621 2169 1750 2209 super
1790 2157 1869 2197 hoc
1908 2157 1950 2196 in

79 2233 291 2281 posterum
332 2229 582 2280 impetantur
622 2229 853 2269 statuimus.
917 2228 1013 2271 Sint
1052 2240 1163 2283 ergo
1204 2228 1384 2267 absoluti
1424 2240 1448 2267 a
1491 2229 1581 2267 iure
1622 2227 1732 2279 quod
1771 2230 1950 2266 vocatur

78 2299 236 2339 Narez.
270 2297 513 2352 Nochlegh.
548 2303 588 2338 et
622 2309 784 2350 powoz.
818 2301 860 2338 et
892 2297 945 2337 ab
979 2298 1085 2337 omni
1118 2297 1186 2336 illo
1219 2297 1310 2336 iure
1344 2309 1418 2348 pro
1452 2309 1532 2349 quo
1561 2297 1712 2336 dantur
1744 2299 1947 2348 quatuor-

79 2368 211 2408 decim
252 2367 412 2406 nummi.
476 2367 656 2418 Insuper
695 2367 855 2407 liberos
897 2377 999 2406 esse
1041 2366 1230 2406 uolumus
1268 2366 1320 2405 ab
1362 2367 1440 2405 iilis
1485 2367 1655 2406 nummis
1696 2366 1765 2417 qui
1798 2365 1948 2405 dantur

79 2448 154 2488 pro
187 2437 325 2487 capite
358 2435 425 2475 uel
460 2448 536 2487 pro
569 2436 703 2476 swod.
746 2441 788 2476 et
820 2436 874 2475 ab
908 2436 1015 2475 omni
1055 2436 1282 2475 exactione
1315 2446 1396 2487 que
1429 2439 1596 2486 spectat
1628 2435 1678 2474 ad
1714 2437 1947 2474 castrorum

78 2503 380 2546 edificationem
413 2505 641 2545 secundum
673 2510 789 2545 terre
822 2505 931 2544 iilius
965 2504 1320 2545 consuetudinem.
1384 2504 1431 2546 Si
1476 2505 1569 2556 quis
1604 2504 1806 2543 hominum
1840 2503 1947 2542 illius
