2212 2876
1083 55 1154 95 64

188 208 231 245 et
263 204 314 244 de
358 201 691 243 contrahentium
735 199 922 250 prolibus
956 198 1064 237 inter
1096 197 1340 248 praedictas
1382 195 1593 234 ecclesias
1626 193 1835 245 partiendi
1898 223 1908 232 .

188 273 325 313 Huius
351 273 413 312 rei
441 274 576 311 testes
601 272 718 308 sunt:
753 267 957 307 Albertus
974 265 1382 320 Magdeburgensis
1400 263 1763 314 archiepiscopus.
1787 262 2059 302 Eckebertus

188 340 574 394 Babenbergensis
602 339 841 388 episcopus.
875 333 1058 375 Sifridus
1081 335 1377 388 Augustensis
1406 333 1643 383 episcopus.
1678 331 1825 372 Cuono
1852 329 2059 370 fuldensis

189 413 234 449 et
266 409 523 449 elwacensis
557 407 705 447 abbas.
769 404 910 444 Laici:
946 403 1160 444 Olakarus
1192 415 1276 441 rem
1308 403 1525 441 Boemiae.
1557 400 1818 440 Ludewicus
1852 400 1937 439 dux
1970 400 2060 438 Ba-

195 479 369 517 wariae.
410 477 619 527 palatinus
660 484 802 513 comes
841 473 947 511 reni.
986 472 1205 511 Hem-icus
1245 469 1436 509 marchio
1475 471 1715 510 Moraue'ae.
1759 469 1854 509 Otto
1888 468 1975 508 dux
2007 467 2061 508 de

190 545 369 586 Meram.
420 545 628 599 palatinus
676 552 817 582 comes
868 540 1163 594 Burgundiae.
1221 540 1435 578 Hem-icus
1482 549 1624 577 comes
1681 538 1733 577 de
1782 537 2061 578 Ortenberch.

192 614 453 654 Lvdewicus
487 623 627 652 comes
663 611 716 650 de
750 610 1061 664 Zigenliagen.
1101 608 1360 648 Ludowicus
1402 618 1542 646 comes
1577 607 1629 646 de
1664 606 1854 661 Otingen
1894 609 1974 645 etc.
2008 634 2017 644 .
2052 634 2061 644 .

191 682 305 722 Data
339 681 447 733 apud
481 682 723 735 Augustam
757 679 855 718 Vll.
889 678 989 717 Idus
1022 678 1226 731 Augusti.
1260 677 1495 716 Indictione
1528 676 1648 715 vlu,

502 779 769 811 Monumenta
792 778 920 810 Boica
942 786 1028 809 nova
1050 776 1166 808 XXX.
1190 776 1217 807 I.
1243 774 1332 808 103.

1064 953 1181 992 LVI.

195 1059 424 1111 Romarm-5³,
449 1059 674 1112 episcopus
703 1057 1010 1107 Olomucensz's,
1046 1056 1213 1109 confert
1235 1053 1487 1093 monialibus
1512 1053 1570 1093 ad
1595 1066 1628 1092 3.
1652 1054 1831 1092 Petrum
1857 1052 2068 1093 Olomucz'oe'

253 1128 547 1181 possessiones
580 1126 786 1179 quasdam
817 1126 862 1164 in
885 1123 1109 1164 Bulcowsm
1143 1126 1181 1162 et
1210 1118 1391 1175 Repgjm
1425 1126 1463 1161 et
1494 1123 1715 1174 confirmat
1745 1121 1931 1160 decimas
1963 1123 2008 1160 in

666 1195 970 1247 Klopotowice.
1028 1194 1180 1232 Actum
1211 1192 1404 1243 Prayae,
1447 1190 1599 1230 1213.

331 1287 442 1359 Cin
475 1308 525 1347 In
556 1307 721 1347 nomine
755 1309 903 1345 sancte
936 1304 1132 1344 trinitatis
1167 1306 1209 1342 et
1242 1303 1453 1342 indiuidue
1485 1304 1672 1342 vnitatis.
1723 1303 1825 1356 Ego
1854 1302 2069 1341 Robertus

200 1377 494 1420 olomucensis
528 1377 768 1427 episcopus.
802 1375 1021 1428 religiosis
1055 1372 1299 1412 dominabus
1332 1372 1596 1411 manentibus
1630 1375 1729 1422 aput
1761 1375 1950 1410 sanctum
1982 1371 2071 1410 Pe-

199 1452 304 1488 trum
343 1448 385 1486 in
426 1448 683 1497 perpetuum.
748 1441 851 1484 Cum
892 1444 998 1494 pium
1041 1443 1095 1481 sit
1134 1446 1176 1481 et
1222 1441 1441 1480 honestum
1483 1442 1655 1480 omnium
1696 1441 1788 1491 paci
1832 1440 2069 1491 prouidere.

200 1518 402 1568 preprue
436 1518 575 1554 tamen
607 1513 647 1552 in
680 1512 761 1551 hoc
790 1513 957 1563 pietatis
991 1522 1095 1562 opus
1128 1508 1331 1564 refulget.
1365 1511 1568 1561 quociens
1594 1510 1892 1563 religiosarum
1924 1508 2071 1548 mulie-

201 1598 287 1625 rum
321 1583 593 1638 inuigilamus
627 1582 847 1620 securitati
881 1591 962 1632 que
996 1579 1048 1619 ad
1082 1580 1146 1618 sui
1181 1577 1467 1618 defensionem
1507 1579 1639 1617 minus
1673 1582 1769 1617 sunt
1800 1582 1994 1629 potentes
2028 1581 2070 1616 et

202 1654 352 1694 alienis
395 1663 564 1703 semper
613 1651 809 1705 indigent
860 1649 1070 1700 presidiis.
1133 1648 1342 1687 Nouerint
1382 1648 1514 1701 igitur
1553 1654 1633 1686 tam
1685 1651 1908 1697 presentes
1951 1658 2072 1698 quam

203 1721 328 1762 futuri
369 1720 479 1773 quod
525 1731 603 1759 nos
644 1731 734 1758 cum
781 1729 995 1758 consensu
1038 1717 1206 1768 capituli
1252 1718 1385 1756 nostri
1434 1716 1651 1770 religiosis
1699 1716 1941 1755 dominabus
1991 1726 2073 1767 que

204 1793 371 1831 manent
410 1791 451 1829 in
492 1789 661 1829 ciuitate
702 1787 968 1828 Olomucensi
1009 1786 1063 1825 ad
1105 1789 1293 1825 sanctum
1341 1785 1509 1824 Petrum
1548 1785 1675 1823 muris
1715 1785 1846 1835 ipsius
1886 1784 2073 1823 ecclesie

207 1860 393 1911 proxime
427 1861 469 1898 et
501 1858 718 1911 contigue.
752 1856 998 1896 contulimus
1030 1858 1184 1893 terram
1226 1854 1279 1893 ad
1313 1854 1393 1893 duo
1428 1856 1571 1892 aratra
1615 1853 1655 1891 in
1688 1853 1788 1891 villa
1822 1863 1902 1903 que
1936 1852 2072 1906 vvlgo

207 1931 382 1968 uocatur
419 1926 657 1966 kaowan.
698 1925 751 1964 ad
792 1925 965 1964 tercium
1006 1927 1187 1963 aratrum
1228 1923 1267 1961 in
1314 1922 1412 1961 villa
1452 1932 1533 1973 que
1581 1921 1731 1960 dicitur
1769 1921 1989 1971 Reppsyn.
2030 1924 2073 1960 et

208 2000 338 2036 ortum
371 1995 576 2047 quendam
607 1996 727 2034 situm
771 1995 812 2033 in
845 1992 925 2032 fine
959 1992 1145 2031 eiusdem
1188 1991 1369 2030 ciuitatis
1403 2002 1493 2029 cum
1535 1990 1744 2029 arboretis
1778 1993 1820 2028 et
1852 1990 1940 2028 suis
1973 1989 2073 2028 atti-

210 2065 384 2104 nenciiS.
447 2064 628 2114 Insuper
661 2061 865 2114 quandam
897 2072 1038 2100 aream
1071 2060 1333 2100 adiacentem
1367 2059 1551 2098 claustro
1585 2060 1627 2097 in
1659 2057 1960 2112 nowygradek
1993 2068 2074 2109 que

211 2131 452 2172 extenditur
490 2142 623 2182 usque
665 2131 707 2170 in
748 2131 985 2170 Morawam
1025 2130 1088 2168 eis
1131 2128 1363 2168 addidimus
1406 2127 1523 2167 simul
1564 2139 1653 2167 cum
1694 2127 1927 2166 molendino
1967 2125 2074 2178 quod

211 2201 328 2239 curie
361 2203 503 2238 nostre
537 2199 759 2250 aliquando
794 2198 1078 2238 deseruiebat.
1142 2196 1389 2236 Indulsimus
1433 2197 1554 2235 etiam
1589 2197 1653 2235 eis
1687 2195 1872 2234 decimas
1905 2198 2074 2234 nostras

213 2270 254 2308 in
295 2268 395 2307 villa
435 2267 774 2317 Klopothowich.
819 2278 939 2318 quam
986 2267 1174 2306 dominus
1213 2265 1458 2316 Stephanus
1498 2265 1737 2315 prepositus
1783 2263 2071 2303 olomucensis

216 2336 311 2376 emit
342 2346 419 2386 per
451 2347 611 2374 manum
643 2340 827 2375 nostram
859 2335 1015 2375 eisdem
1055 2334 1299 2374 dominabus
1338 2345 1414 2384 pro
1456 2332 1584 2372 LXX
1617 2333 1781 2372 marcis.
1822 2332 1876 2371 de
1907 2331 2076 2370 licentia

217 2404 366 2444 domini
399 2404 526 2442 incliti
559 2404 702 2457 Regis
735 2404 894 2443 boemie
928 2403 1162 2444 Otthakari.
1198 2405 1240 2441 et
1272 2402 1324 2441 de
1366 2412 1579 2440 consensu
1613 2401 1782 2440 illustris
1814 2399 2077 2441 Marchionis

218 2472 415 2513 Morauie
445 2471 741 2511 Wladizsslai.
788 2472 873 2511 Per
906 2484 1077 2512 auorum
1110 2473 1232 2511 etiam
1265 2470 1560 2510 beneuolentie
1594 2468 1802 2509 affluentis
1835 2468 2077 2522 largitatem
