2212 2876
198 245 420 285 mislensis.
483 245 595 285 Acta
622 248 719 284 sunt
742 244 822 283 hec
856 256 965 284 anno
990 244 1135 298 gratie
1160 244 1222 283 M.
1250 241 1339 285 CC.
1366 243 1462 284 XL.
1495 244 1729 285 Indictione
1752 246 1874 286 XIII.
1916 247 2068 287 Datum

197 315 341 353 Brune
376 326 450 365 per
482 326 626 354 manus
660 313 881 353 Wilhelmi
913 313 1061 353 notarii
1096 313 1238 353 XVII.
1271 313 1493 353 Kalendas
1526 314 1654 354 Junii.

507 405 561 436 Ex
584 405 810 436 Annalibus
840 404 1268 437 Zabrdowicensibus
1297 404 1388 437 Mss.
1411 405 1443 436 in
1465 406 1685 447 registratura
1709 415 1737 437 c.
1762 416 1788 437 r.
1814 405 1981 440 Gubernii.

1024 544 1246 588 CCCXV.

198 639 435 692 θνθῃονὶυε
474 654 587 694 papa
620 641 700 680 IX.
733 640 933 693 hospitali
965 643 1101 680 sancta·
1139 640 1330 693 Spiritus
1363 644 1458 680 ame
1495 642 1690 681 Brunam
1713 642 1793 694 jus
1821 646 2070 695 pselromtlus

259 710 465 749 ccclesiae
497 711 541 749 in
580 706 821 762 Κῑῇὶ-(ιηοπυ
852 722 930 749 nec
961 722 1047 750 non
1079 711 1189 749 alias
1219 711 1513 762 possessiones
1554 711 1785 763 confirmat.
1851 713 2009 752 Datum

626 780 849 831 Laterani,
882 779 1008 820 XVI.
1041 778 1266 819 Kalendas
1298 779 1438 829 danii,
1486 779 1639 818 1240.

327 845 590 919 Gregorius
624 866 850 916 episcopus
882 876 1035 905 seruus
1069 877 1286 904 seruorum
1320 864 1402 904 dei.
1448 865 1628 906 Dilectis
1662 864 1753 905 filiis
1786 867 1993 921 magistro
2028 872 2070 908 et

194 933 395 974 fratribus
429 933 648 985 hospitalis
680 945 716 974 s.
749 935 925 986 spiritus
959 935 1002 973 in
1033 935 1218 973 Rrwma
1252 933 1544 973 Olomucensis
1585 935 1772 975 diocesis
1812 936 1986 976 salutem
2029 942 2071 977 et

194 1004 465 1055 apostolicam
505 1003 857 1043 benedictionem.
896 1001 1188 1044 Sacrosancta
1225 1003 1415 1042 Romana
1458 1004 1643 1044 ecclesia
1686 1004 1863 1044 deuotos
1906 1009 1948 1045 et
1987 1005 2069 1045 hu-

193 1074 309 1113 miles
343 1072 447 1113 filios
482 1084 539 1112 ex
571 1076 745 1112 assuete
778 1074 946 1124 pietatis
980 1071 1115 1112 officio
1150 1073 1402 1123 propensius
1436 1072 1620 1127 diligere
1655 1075 1890 1113 consueuit.
1934 1077 1976 1114 et
2015 1086 2069 1114 ne

194 1155 413 1195 prauorum
445 1142 648 1181 homilium
679 1142 881 1182 molestiis
914 1143 1136 1196 agitentur
1168 1152 1244 1180 eos
1276 1144 1481 1192 tamquam
1515 1142 1583 1193 pia
1615 1146 1747 1182 mater
1780 1154 1858 1182 sue
1895 1147 2070 1194 protec-

194 1214 328 1253 cionis
360 1212 580 1252 munimine
613 1209 856 1251 consouere.
889 1211 1133 1262 Eapropter
1172 1210 1312 1249 dilecti
1354 1212 1395 1249 in
1436 1210 1597 1250 domino
1641 1210 1709 1250 filii
1751 1214 1908 1251 vestris
1948 1213 2069 1252 iustis

191 1281 550 1334 postulacionibus
584 1283 713 1335 grato
748 1284 1054 1320 concurrentes
1087 1291 1283 1319 assensu.
1317 1291 1527 1331 personas
1559 1283 1730 1319 vestras
1773 1285 1814 1321 et
1852 1282 1986 1321 locum
2027 1283 2068 1321 in

193 1362 273 1403 quo
307 1351 446 1390 diuino
480 1351 585 1390 estis
617 1350 824 1402 obsequio
855 1349 1079 1401 mancipati
1113 1360 1204 1388 cum
1237 1349 1426 1388 omnibus
1466 1349 1602 1388 bonis.
1643 1360 1724 1400 que
1764 1351 2069 1400 impresencia-

192 1433 281 1460 rum
314 1420 629 1460 racionabiliter
662 1418 866 1471 possidet.
900 1421 972 1458 aut
1011 1419 1053 1458 in
1094 1416 1273 1458 futurum
1312 1419 1434 1457 iustis
1474 1418 1607 1458 modis
1648 1423 1866 1470 prestante
1909 1419 2070 1459 domino

192 1491 346 1541 poterit
377 1489 566 1540 adipisci.
600 1488 678 1528 sub
711 1488 824 1528 beati
858 1488 974 1527 Petri
1016 1492 1058 1528 et
1098 1490 1242 1527 nostra
1282 1489 1543 1538 protectione
1583 1489 1847 1538 suscipimus.
1886 1488 2070 1540 Specia-

191 1559 286 1599 liter
318 1561 456 1598 autem
488 1559 552 1597 ius
586 1560 833 1609 patronatus
868 1557 1054 1597 ecclesie
1088 1556 1142 1596 de
1168 1556 1452 1597 Orisssmowe.
1487 1557 1596 1608 quod
1631 1557 1849 1597 diocesani
1880 1559 2070 1609 episcopi

192 1632 235 1668 et
264 1628 432 1678 capituli
456 1628 522 1667 sui
549 1626 786 1666 accedente
817 1638 1031 1666 consensu
1057 1626 1262 1665 can-onice
1293 1627 1526 1677 proponitis
1553 1638 1630 1666 vos
1653 1627 1830 1678 adeptos
1865 1627 1917 1667 de
1943 1628 2070 1667 Ince-z-

194 1701 236 1737 et
259 1697 311 1737 de
337 1695 610 1738 Radomilz'ez
635 1696 757 1736 villas
786 1700 944 1736 curtem
975 1696 1092 1735 iuxta
1117 1696 1345 1734 Brunnam.
1380 1696 1529 1734 vineas
1556 1696 1857 1747 possessiones
1881 1696 2070 1736 redditus

193 1778 360 1807 necnon
398 1766 618 1805 libertates
660 1769 702 1805 et
740 1766 1017 1804 immunitates
1063 1764 1312 1804 secularium
1362 1766 1648 1804 exaccionum.
1690 1777 1714 1804 a
1764 1766 1980 1805 carissimo
2028 1765 2071 1804 in

195 1836 354 1876 christo
387 1833 470 1874 filio
508 1838 652 1874 nostro
692 1835 840 1874 illustri
880 1845 993 1888 rege
1033 1834 1206 1873 Boemie
1244 1833 1368 1880 vobis
1412 1837 1454 1872 et
1494 1837 1637 1873 vestro
1680 1833 1871 1885 hospitali
1912 1835 1981 1885 pia
2030 1838 2071 1873 et

193 1905 369 1956 prouida
402 1904 718 1944 deliberacione
751 1914 987 1943 concessas
1020 1907 1140 1955 prout
1181 1903 1220 1942 in
1262 1901 1450 1941 eiusdem
1482 1901 1633 1941 litteris
1668 1901 1872 1942 consectis
1914 1902 2070 1942 exinde

194 1975 343 2014 dicitur
375 1974 538 2025 plenius
571 1974 789 2013 contineri.
824 1976 866 2012 et
898 1972 980 2011 alia
1012 1971 1124 2011 bona
1158 1974 1303 2011 vestra
1336 1972 1445 2011 sicut
1477 1982 1528 2011 ea
1553 1972 1689 2010 omnia
1723 1973 1830 2011 iuste
1864 1983 1917 2012 ac
1946 1973 2069 2023 paci-

192 2041 271 2083 fice
304 2043 514 2082 obtinetis.
553 2043 676 2083 vobis
716 2046 758 2082 et
791 2053 868 2094 per
901 2053 979 2081 vos
1020 2041 1098 2092 ipsi
1132 2040 1327 2092 hospitali
1364 2041 1614 2080 auctoritate
1647 2041 1878 2092 apostolica
1912 2039 2070 2081 confir-

193 2124 348 2151 mamus
382 2115 423 2151 et
455 2113 668 2163 presentis
701 2112 847 2162 scripti
879 2111 1114 2162 patrocinio
1147 2109 1451 2149 communimus.
1500 2110 1611 2149 Nulli
1645 2121 1756 2164 ergo
1790 2110 1955 2149 omnino
1989 2109 2071 2149 ho-

192 2182 340 2221 minum
371 2181 497 2220 liceat
528 2181 637 2220 hanc
673 2182 872 2236 paginam
906 2183 1049 2220 nostre
1077 2179 1346 2230 protectionis
1371 2182 1412 2218 et
1445 2177 1782 2219 confirmacionis
1814 2177 2070 2233 infringere.

193 2252 260 2290 uel
284 2252 322 2290 ei
345 2262 453 2290 ausu
476 2251 698 2290 temerario
726 2253 952 2290 contraire.
995 2248 1043 2291 Si
1071 2250 1163 2300 quis
1198 2252 1333 2287 autem
1365 2247 1445 2286 hoc
1479 2252 1730 2299 attemptare
1763 2249 2069 2299 presumpserit

194 2320 527 2375 indignationem
558 2319 849 2371 omnipotentis
883 2319 950 2358 dei
984 2325 1026 2359 et
1058 2320 1171 2359 beati
1205 2318 1321 2358 Petri
1348 2321 1389 2357 et
1422 2318 1542 2357 Pauli
1577 2318 1858 2369 apostolorum
1892 2318 1984 2357 eius
2017 2328 2067 2356 se

195 2390 359 2429 nouerit
407 2390 682 2429 incursurum.
747 2389 899 2427 Datum
947 2388 1148 2428 Laterani
1200 2388 1321 2428 XXI.
1362 2387 1583 2426 Kalendas
1626 2387 1755 2427 Junii.
1796 2385 2072 2426 Pontificatus

193 2459 324 2498 nostri
358 2470 468 2498 anno
502 2458 824 2510 quartodecimo.

505 2541 535 2572 E
560 2540 827 2571 vidimatiour
851 2540 892 2571 ab
916 2549 998 2571 anno
1029 2536 1142 2571 1416.
1167 2540 1197 2570 in
1222 2538 1358 2570 archivo
1382 2537 1665 2569 Melitensium
1689 2537 1864 2579 pragae.
