2212 2876
1041 110 1141 151 251

160 253 448 305 Marquardus
490 251 666 306 dapifer.
717 253 900 295 Sezema
938 255 1157 305 pincerna.
1208 255 1369 296 Bocko.
1409 255 1556 295 Micul.
1589 255 1816 303 Joh‘unnes
1848 257 2037 298 Bahuse.

160 321 229 363 filii
267 323 500 363 Prozimiri.
544 323 775 374 &Vipertus
817 324 1071 374 prepositus.
1113 325 1416 376 Marquardus.
1456 325 1620 376 Thymo
1660 325 1818 377 Symon
1853 326 2037 367 Thomas

160 392 324 440 Victor.
359 392 499 432 Milos.
534 397 680 445 petrus
711 393 972 433 &Vilhalmus
1004 394 1174 433 Fisicus
1215 393 1458 449 Gregorius
1491 394 1695 434 Nicolaus
1728 395 1893 446 Hel-yas
1926 397 2039 436 Bar-

159 461 403 501 tholomeus.
468 463 577 502 Acta
611 466 708 502 sunt
740 461 821 501 hec
854 462 979 510 Anno
1014 463 1217 503 dominice
1250 464 1564 504 incarnacionis
1596 462 1779 506 M.'CC.
1798 465 1942 505 XXX.
1962 466 2039 506 ΙΙΙ.

158 531 392 572 Indictione
424 531 480 571 V.
515 531 653 571 datum
683 531 875 583 Znoyem
908 542 986 584 per
1011 544 1158 572 manus
1192 533 1343 573 Hilarii
1368 535 1532 574 notarii.
1564 535 1662 574 1111.
1696 535 1845 575 Nonas
1870 535 2036 586 apriliS.

470 640 524 672 Ex
562 640 757 682 originali
789 638 938 681 ejusdcm
968 643 1173 683 monasterii3
1204 643 1288 684 sign.
1326 642 1364 674 F.
1394 640 1431 674 3.
1461 652 1534 675 cum
1567 644 1677 686 sigillo
1708 645 1844 675 servato
1874 652 2036 686 appenso⁷

578 691 673 734 cujus
696 693 826 735 insigne
851 695 903 725 est
926 693 1072 736 aquila.

986 877 1212 920 CCXXX.

158 975 352 1015 Jommes
385 974 554 1026 quidam
588 973 805 1027 Sybolhae
837 973 1067 1027 disponens
1100 974 1152 1014 cle
1180 976 1373 1027 praediis
1406 978 1498 1016 suis
1531 978 1664 1016 menie
1697 976 1808 1017 intra
1840 978 2036 1017 Polonos

156 1046 195 1082 el
225 1046 435 1084 ,norm-os
468 1043 711 1084 statuendae
749 1045 998 1084 mentionem
1034 1045 1153 1097 facil.
1218 1044 1290 1084 m.
1331 1047 1375 1086 in
1408 1046 1645 1098 Prtmsymt
1685 1048 1730 1086 in
1764 1046 1835 1086 die
1866 1060 1900 1086 3.
1940 1047 2036 1099 Viti,

1016 1113 1170 1154 1233.

284 1206 345 1268 In
394 1227 558 1266 nomine
605 1226 755 1266 domini
808 1237 942 1266 amen.
1023 1227 1125 1281 Ego
1182 1228 1404 1268 Johannes
1453 1227 1648 1280 Sybothe
1701 1231 1846 1270 sciens
1892 1228 2035 1271 horam

155 1297 296 1335 mortis
329 1296 532 1335 incertam
573 1307 675 1336 esse
709 1300 751 1336 et
782 1297 942 1337 malens
975 1296 1315 1337 distribucionem
1350 1309 1488 1338 19111111
1528 1309 1709 1338 mearum
1750 1300 1791 1339 111
1823 1300 1909 1340 111111
1942 1312 2036 1341 mea

154 1363 300 1404 facere
341 1376 461 1417 quam
503 1369 599 1416 post
637 1368 807 1405 mortem
847 1377 976 1405 meam
1015 1367 1152 1406 alieno
1194 1367 1367 1407 arbitrio
1409 1368 1650 1420 relinquere
1691 1367 1939 1409 faciendam.
1981 1369 2035 1411 de

155 1434 283 1474 rebus
317 1435 419 1474 meis
452 1435 508 1474 ita
550 1432 728 1474 finaliter
760 1435 948 1486 disposui
983 1435 1145 1476 duobus
1186 1436 1277 1475 filiis
1311 1438 1448 1487 patrui
1480 1438 1560 1476 mei
1592 1437 1793 1478 videlicet
1818 1437 2034 1491 Semyano

155 1507 197 1542 ct
237 1504 377 1543 ottoni
417 1504 608 1555 relinquo
648 1505 756 1544 duas
806 1505 928 1544 uillas
970 1517 1075 1558 quas
1123 1506 1286 1545 ultimas
1328 1506 1466 1546 locaui
1514 1507 1555 1546 in
1596 1507 1730 1546 densa
1770 1508 1876 1547 silua
1918 1509 2034 1549 circa

154 1578 300 1612 motas.
365 1574 468 1613 Item
512 1586 603 1613 cum
644 1586 796 1614 socrus
845 1586 937 1614 mea
982 1579 1027 1615 et
1074 1587 1184 1614 vxor
1238 1587 1330 1615 mea
1379 1576 1490 1615 bene
1540 1577 1768 1617 meruerint
1813 1578 1922 1629 apud
1969 1590 2034 1619 me

153 1643 400 1682 necessitati
441 1654 584 1682 earum
625 1655 744 1695 quam
788 1643 857 1683 diu
897 1644 1085 1683 vixerint
1124 1648 1275 1684 tenear
1317 1645 1557 1696 prouidere.
1601 1647 1640 1686 si
1679 1657 1809 1697 super
1846 1648 2033 1689 vixerint

152 1711 271 1751 michi
317 1712 438 1751 ambe
480 1711 548 1751 uel
591 1724 686 1751 vna.
728 1712 919 1764 relinquo
961 1714 1024 1753 eis
1065 1714 1134 1753 uel
1175 1715 1216 1753 ei
1255 1714 1392 1754 uillam
1432 1726 1561 1754 meam
1605 1713 1770 1756 Cresse
1813 1720 1855 1756 et
1892 1717 2033 1758 uillam

152 1791 283 1820 meam
318 1781 559 1831 pransinam
590 1782 632 1820 in
660 1793 743 1833 qua
771 1782 957 1821 dominus
983 1782 1168 1822 Thomas
1199 1784 1549 1823 wratislauiensis
1577 1784 1818 1836 Episcopus
1844 1783 2033 1827 fundauit

153 1850 377 1889 ecclesiam
410 1851 450 1889 in
483 1850 644 1890 honore
678 1851 792 1890 beati
825 1851 941 1891 Petri
975 1853 1153 1903 apostoli
1186 1853 1415 1892 secundum
1457 1854 1565 1905 quod
1601 1855 1692 1906 ipsa
1724 1855 1822 1895 uilla
1856 1861 2031 1907 proten-

152 1919 261 1959 ditur
300 1931 435 1971 usque
481 1920 534 1959 ad
574 1932 723 1971 aquam
774 1933 1027 1972 pransynam
1079 1926 1121 1960 et
1163 1922 1213 1960 ad
1259 1926 1390 1962 ortum
1434 1922 1620 1962 eiusdem
1662 1935 1772 1975 aque
1813 1928 1856 1964 et
1894 1925 2031 1966 uillam

151 1986 371 2028 Chisouitz
419 2000 509 2028 cum
558 2001 699 2029 earum
743 1992 996 2030 attinenciis.
1043 1994 1087 2030 ut
1133 1991 1355 2031 nominatis
1403 1991 1512 2031 uillis
1558 1995 1728 2032 vtantur
1777 1994 1869 2044 ipse
1909 1995 2030 2035 ambe

148 2057 216 2096 uel
250 2069 332 2096 una
376 2068 518 2097 earum
559 2070 678 2110 quam
718 2059 785 2099 diu
826 2060 992 2099 uixerit.
1034 2064 1130 2111 post
1169 2065 1336 2100 mortem
1377 2065 1514 2100 autem
1555 2072 1698 2101 earum
1739 2066 1878 2102 statuo
1920 2064 2026 2116 quod

152 2126 299 2166 eedem
332 2126 428 2166 uille
468 2127 757 2180 relinquentur
797 2129 877 2168 deo
918 2129 1042 2168 alicui
1090 2129 1289 2169 videlicet
1329 2130 1528 2169 Ecclesie
1574 2131 1806 2171 secundum
1846 2133 2027 2184 ipsarum

152 2195 377 2235 arbitrium.
441 2196 661 2248 Reliquam
705 2202 839 2238 autem
880 2202 1005 2238 totam
1038 2202 1192 2238 terram
1232 2210 1361 2238 meam
1395 2210 1476 2251 que
1516 2204 1583 2239 est
1623 2201 1733 2240 vltra
1774 2213 2027 2254 pransynam

154 2276 308 2304 versus
350 2264 609 2316 Osobloqam
658 2277 750 2307 911111
790 2267 891 2307 uilla
930 2279 1023 2307 mea
1063 2268 1270 2308 Gostonia
1320 2272 1362 2308 et
1399 2272 1519 2319 parte
1556 2269 1654 2308 uille
1693 2281 1799 2310 mee.
1840 2282 1921 2322 que
1963 2276 2028 2312 est

151 2346 285 2385 super
327 2338 456 2373 ortum
506 2335 731 2386 Pransyne
771 2337 961 2388 relinquo
1013 2338 1224 2388 Episcopo
1273 2340 1315 2376 et
1360 2338 1560 2377 Ecclesie
1608 2340 1935 2380 wratislauiensi
1985 2347 2025 2380 et

150 2402 309 2442 lubram
343 2403 474 2454 ipsam
508 2406 550 2442 et
583 2405 767 2456 quitquid
800 2406 916 2445 circa
949 2409 1094 2457 partes
1127 2407 1219 2445 illas
1253 2408 1435 2446 cesserit
1468 2408 1508 2446 in
1541 2412 1703 2459 partem
1736 2409 1899 2459 polonie
1934 2421 2027 2448 cum

152 2474 301 2512 statuta
331 2473 466 2524 fuerit
501 2476 608 2512 meta
640 2475 753 2514 intra
789 2476 971 2526 polonos
1011 2478 1050 2514 et
1084 2487 1299 2515 moravos.
1342 2477 1448 2528 quod
1492 2481 1628 2516 autem
1661 2475 1786 2517 suerit
1826 2479 1869 2517 in
1906 2482 2027 2530 parte

151 2542 351 2581 Jlorauie
383 2541 436 2580 de
476 2541 557 2581 1109
592 2543 647 2582 1111
690 2544 744 2582 sit
775 2544 884 2583 sicut
925 2545 1070 2584 statuit
1102 2543 1236 2584 frater
1275 2556 1391 2584 meus
1425 2546 1680 2586 domazlaus.
1745 2546 1848 2587 Cum
1890 2552 2025 2586 autem
