2212 2876
1041 59 1246 120 sos-—

157 208 310 249 Deblin
351 211 393 247 et
434 205 501 246 filii
550 205 681 257 ipsius
729 203 975 243 Hartliebus
1022 213 1112 241 cum
1154 202 1308 241 Jance.
1356 200 1596 240 Pribizlaus
1646 200 1698 239 de
1740 200 2029 240 Malomerice.

158 278 302 329 Cyrho
337 280 379 316 et
411 274 543 315 frater
584 275 715 325 ipsius
748 272 1035 312 Schaztolow.
1078 270 1267 310 Nahrad.
1299 269 1638 309 usui-chozlaus.
1679 269 1868 308 Wiecon
1904 268 2031 308 iudex

157 347 434 387 Brunnensis.
468 345 601 384 Rimo.
634 342 820 382 Karolus
854 345 896 380 et
925 339 1059 380 frater
1091 341 1222 391 ipsius
1255 339 1416 378 Benco.
1449 338 1674 378 Boscheco
1707 338 1957 384 burcrauius
1990 338 2032 377 in

156 417 332 467 Znoym.
373 414 557 454 Proztei.
599 413 733 452 Hruto
774 411 1033 450 camerarius
1072 409 1358 449 Betowiensis
1399 411 1439 447 et
1480 407 1774 458 znoymensis.
1813 407 1944 445 Budis
1978 406 2032 445 de

155 486 390 526 Budisovv.
424 482 653 522 Budizlaus
687 484 730 520 et
761 478 894 519 frater
925 480 1056 530 ipsius
1088 478 1288 518 Zawisse
1331 477 1383 516 de
1423 477 1613 516 'l'azzoxn
1652 476 1847 515 Bohusse
1882 478 1924 514 et
1954 476 2032 515 Bi-

158 558 298 594 znata.
332 554 462 604 ipsius
487 549 632 590 frater.
665 550 894 589 Ztiborius.
922 548 1082 589 Gallus.
1116 547 1371 586 Zobezlaus.
1396 546 1528 585 Jaros
1562 545 1614 584 de
1641 546 1827 585 Boemia.
1860 545 2032 584 Erken-

157 623 282 664 breht
322 621 575 662 bui-crauius
625 619 677 659 de
717 617 1041 660 Starkenberch
1084 628 1174 655 cum
1217 614 1297 655 filio
1347 627 1437 655 suo.
1501 615 1613 655 Acta
1655 618 1752 654 sunt
1798 614 1879 653 hec
1922 625 2033 654 anno

160 693 305 747 gratie
337 691 562 731 Millesimo
598 686 774 730 CCXL.
808 688 1045 727 Indictione
1077 686 1199 728 XIII.
1232 686 1386 725 Datum
1409 685 1583 724 Brunne
1616 694 1694 735 per
1725 695 1886 723 manum
1910 682 2034 724 Wil-

158 761 280 801 halmi
314 760 465 800 notarii
499 758 556 798 V.
587 757 808 798 Kalendas
840 757 960 797 Maii.

467 871 523 904 Ex
547 870 748 913 originali
772 871 804 901 in
827 869 964 901 archivo
988 878 1017 900 c.
1040 878 1068 902 r,
1092 867 1199 900 aulico
1223 866 1500 899 vindobonae.

962 1034 1228 1100 cccxvfl.

160 1169 397 1223 Gregorius
420 1181 534 1222 papa
559 1168 641 1208 IX.
665 1164 808 1207 ordini
838 1166 1024 1220 fratrum
1056 1165 1400 1218 praedicatorum
1424 1163 1625 1216 indulget,
1648 1166 1696 1203 ut
1715 1164 2034 1203 commissiones

221 1252 450 1280 causarum
483 1241 521 1278 et
550 1238 850 1277 sententiarum
882 1236 1153 1275 earet-usiones
1185 1235 1377 1286 recipere
1407 1245 1493 1273 non
1525 1235 1753 1272 teneantur.
1812 1234 1973 1272 Datum

664 1306 885 1356 Laterani,
918 1304 999 1344 IV.
1032 1303 1180 1344 Nonas
1213 1304 1339 1357 Jalii,
1387 1302 1540 1342 1240.

292 1413 555 1487 Gregorius
589 1431 815 1483 episcopus
849 1440 1002 1469 seruus
1034 1440 1253 1468 seruorum
1287 1428 1368 1467 dei.
1424 1427 1604 1466 Dilectis
1637 1425 1730 1466 filiis
1755 1456 1764 1465 .
1790 1455 1800 1465 .
1826 1427 2034 1480 magistro

159 1506 201 1543 et
232 1501 432 1542 fratribus
475 1501 634 1541 ordinis
677 1500 997 1552 predicatorum.
1060 1498 1248 1540 Salutem
1289 1502 1331 1536 et
1371 1496 1643 1547 apostolicam
1685 1496 2033 1535 benedictionem-

161 1571 299 1620 Quieti
332 1577 478 1611 vestre
512 1570 741 1622 providere
774 1569 980 1608 uolentes,
1014 1568 1263 1607 auctoritate
1296 1567 1418 1605 uobis
1452 1566 1707 1617 presentium
1751 1564 2033 1618 indulgemus.

158 1646 203 1681 ut
235 1642 548 1680 commissiones
582 1651 804 1679 causarum
836 1638 905 1677 uel
938 1637 1240 1677 sententiarum
1281 1636 1572 1675 executiones.
1607 1647 1632 1674 a
1665 1634 1769 1674 sede
1803 1633 2034 1685 apostolica

160 1711 229 1751 uel
271 1710 488 1764 delegatis
537 1710 630 1749 eius
669 1720 747 1748 seu
789 1720 814 1746 a
854 1706 1108 1760 quibuslibet
1148 1705 1240 1744 aliis
1279 1703 1417 1744 factas
1456 1704 1591 1744 uobis.
1632 1705 1725 1743 sine
1766 1706 1912 1742 uestra
1951 1712 2035 1741 non

159 1780 385 1819 teneamini
432 1780 628 1830 recipere
681 1777 910 1816 uoluntate.
956 1777 1038 1814 nisi
1077 1776 1118 1814 in
1166 1775 1317 1813 litteris
1363 1773 1608 1825 apostolicis
1655 1772 1708 1812 de
1756 1771 2035 1811 concessione

165 1848 397 1889 huiusmodi
420 1848 571 1888 mentio
595 1846 814 1887 habeatur.
846 1845 957 1884 Nulli
984 1856 1094 1898 ergo
1121 1845 1283 1883 omnino
1316 1843 1519 1882 hominum
1538 1842 1666 1881 liceat
1695 1841 1807 1881 hanc
1832 1841 2035 1895 paginam

162 1922 305 1958 nostre
332 1917 623 1957 concessionis
650 1914 890 1969 infringere
907 1914 975 1954 uel
1006 1914 1044 1953 ei
1071 1924 1177 1952 ausu
1198 1913 1422 1951 temerario
1448 1912 1674 1951 contraire.
1706 1910 1754 1952 Si
1774 1911 1865 1962 quis
1898 1913 2035 1950 autem

161 1987 242 2027 hoc
282 1990 528 2038 attemptare
568 1984 871 2038 presumpserit
910 1982 1243 2036 indignationem
1283 1981 1575 2032 omnipotentis
1615 1979 1696 2020 dei.
1738 1983 1781 2019 et
1819 1979 2035 2019 beatorum

162 2056 280 2096 Petri
314 2059 355 2095 et
386 2056 506 2095 Pauli
547 2055 827 2106 apostolorum
870 2054 961 2092 eius
1001 2063 1051 2091 se
1090 2051 1257 2090 nouerit
1294 2051 1569 2090 incursurum.
1631 2049 1788 2090 Datum
1830 2049 2034 2089 Laterani

164 2126 260 2166 1111.
293 2125 445 2166 Nonas
477 2125 578 2165 Julii
611 2122 884 2164 Pontificatus
917 2122 1049 2162 nostri
1084 2132 1195 2160 anno
1230 2119 1555 2172 quartodecimo.

474 2236 527 2268 Ex
551 2235 744 2278 originali
768 2236 799 2267 in
823 2234 959 2267 archivo
983 2236 1164 2266 conventus
1194 2231 1492 2265 Olomucensis.
