2212 2876
1051 92 1155 134 255

158 233 376 285 Lupoldus
402 234 606 285 pincerna
623 233 930 285 Znoymenses.
953 235 1277 276 Wirchozlaus.
1305 236 1439 276 Zauis
1466 237 1519 277 de
1538 237 1724 278 Tassow
1741 239 2034 283 Brunnenses.

159 301 290 344 Cirho
325 301 500 354 dapifer.
539 302 717 344 VVocko
749 303 1102 345 subcamerarius.
1143 306 1330 360 Egidius
1370 306 1668 358 subpincerna.
1717 307 1895 350 Beneda
1929 311 2034 351 sub—

157 372 373 424 pincerna.
423 372 586 412 Victor.
635 373 894 413 VVlaztibor.
943 373 1116 414 Las‘sek
1163 375 1311 415 milites
1361 376 1490 415 curie.
1546 375 1744 418 Sdizlaus
1793 381 2033 430 prepositus

155 442 435 482 BrunnensiS.
477 441 792 494 Markwardus.
834 443 1049 483 Henricus
1082 444 1346 484 sacerdotes.
1386 445 1544 485 Simon.
1577 446 1752 486 'I'hiemo
1793 447 1959 488 diaconi
1992 452 2035 489 et

156 510 227 551 alii
259 511 416 562 plures.
480 512 633 552 Datum
663 523 743 564 per
774 524 921 553 manus
959 513 1109 553 Hilarii
1142 514 1306 568 notarii,
1349 513 1446 554 VII.
1479 514 1701 556 Kalendas
1735 515 1933 557 Octobris
1965 518 2034 558 in-

157 580 349 621 diccione
382 583 522 621 sexta.

467 672 498 705 E
523 682 568 705 co
581 672 674 705 dice
698 672 1024 706 Welehradensi
1048 673 1119 706 Ms.
1143 673 1287 707 f01.22.

947 802 1238 844 CCXXXIII.

157 895 434 938 Ilm-mannus
479 896 636 949 Ballco,
679 898 881 949 maqister
927 897 978 937 de
1018 898 1140 937 domo
1190 899 1433 949 Teutonica‚
1477 898 1585 939 bona
1631 901 1676 940 in
1715 901 1954 954 Humpolec
1994 904 2035 942 et

361 979 493 1019 super
528 965 724 1007 Gildame
757 967 1020 1017 Hermanno,
1055 966 1192 1007 abbata·
1223 968 1428 1019 Silomst,
1460 969 1613 1008 rendit.
1670 970 1822 1010 1233.

282 1034 343 1095 In
376 1053 540 1093 nomine
566 1058 714 1093 sancte
748 1058 789 1093 et
816 1054 1027 1093 indiuidue
1061 1055 1257 1094 trinitatis
1291 1056 1438 1094 Amen.
1487 1054 1595 1104 Quia
1621 1067 1698 1107 per
1730 1059 2032 1097 successiones

152 1127 379 1174 temporum
421 1134 525 1174 sepe
569 1122 810 1162 debilitatur
851 1125 1046 1163 memoria
1089 1123 1308 1164 hominvm.
1356 1128 1519 1176 oportet
1567 1129 1613 1165 vt
1655 1137 1708 1165 ea
1741 1137 1821 1177 que
1862 1139 1887 1166 a
1930 1127 2032 1166 uiris

151 1190 341 1232 fidelibus
382 1192 687 1231 rationabiliter
726 1194 965 1233 actitantur.
1006 1193 1184 1232 testibus
1228 1197 1270 1233 et
1311 1195 1469 1245 scripto
1512 1193 1819 1248 confirmentur.
1861 1207 1914 1235 ne
1955 1207 2032 1247 per

150 1263 434 1314 antiquitatem
460 1262 685 1301 inmvtetur
709 1263 749 1301 in
778 1266 978 1313 tempore.
1005 1263 1113 1314 quod
1142 1275 1294 1302 novvm
1324 1263 1492 1314 semper
1518 1263 1645 1303 debet
1670 1275 1769 1304 esse
1800 1269 1841 1304 et
1864 1265 2030 1304 stabile.

148 1331 253 1372 Inde
287 1336 353 1371 est
386 1331 498 1383 qvod
531 1330 787 1370 hermarum-s
819 1331 961 1371 Ballco
990 1333 1129 1385 fralet·
1162 1335 1201 1371 et
1224 1332 1426 1383 muys-<ster
1459 1332 1511 1372 de
1544 1333 1667 1373 domo
1700 1335 1906 1373 terrama-a
1939 1345 2029 1373 cunt

149 1398 350 1440 fratribus
378 1400 637 1455 degentibus
665 1400 827 1440 ibidem.
854 1404 993 1441 notvm
1020 1399 1193 1441 facimus
1226 1402 1440 1441 vniuersis
1465 1403 1576 1454 qvod
1612 1403 1775 1443 domino
1799 1403 2029 1444 hermanno

149 1470 324 1510 siloem-i
356 1469 589 1508 uenerabili
630 1469 773 1508 abbati
815 1469 1078 1509 vendidimus
1112 1470 1235 1510 bona.
1276 1471 1344 1510 illa
1379 1482 1460 1523 que
1494 1472 1714 1512 habvimus
1748 1474 1789 1512 in
1830 1472 2030 1525 lumepolz

149 1542 189 1578 el
224 1551 350 1591 svper
384 1538 580 1589 Glylmv.
614 1539 736 1578 villas
770 1539 968 1578 videlicet
997 1538 1165 1591 podole.
1193 1539 1334 1579 dabre.
1367 1541 1581 1580 scrisowe.
1617 1540 1872 1592 boqedcmze.
1902 1544 2027 1594 pust-

148 1609 228 1648 sin.
263 1620 353 1648 cum
387 1609 615 1647 vniversis.
650 1609 690 1647 in
723 1608 856 1648 silvis.
892 1610 1033 1659 pratis.
1075 1610 1382 1648 venationibus.
1415 1610 1674 1650 molendinis.
1716 1614 1759 1650 et
1796 1611 1945 1650 rivvlis
1985 1612 2027 1651 in

148 1678 274 1717 terris
308 1678 429 1716 cultis
456 1682 497 1716 et
530 1678 709 1717 incultis.
744 1682 786 1717 et
817 1678 1006 1718 omnibus
1040 1679 1318 1729 pertinentiis.
1345 1691 1418 1730 pro
1453 1683 1618 1719 centvm
1652 1681 1804 1719 marcis
1838 1681 2025 1734 argenti.

149 1747 353 1796 Qvamvis
393 1751 530 1786 antem
577 1748 617 1786 in
659 1747 786 1787 rebus
833 1748 971 1787 sacris
1014 1748 1199 1787 venditio
1238 1748 1372 1787 locum
1424 1760 1505 1787 non
1544 1748 1703 1788 habeat
1745 1749 1945 1788 videlicet
1984 1750 2024 1788 in

149 1816 357 1856 ecclesiis.
393 1818 488 1867 quia
521 1820 659 1855 tamen
693 1828 782 1856 cum
818 1818 1095 1856 vniuersitate
1128 1820 1351 1856 transeunt
1385 1819 1450 1856 ivs
1485 1818 1592 1869 quod
1629 1820 1667 1857 in
1702 1819 1900 1857 ecclesiis
1934 1819 2025 1858 sitis

148 1886 189 1925 in
222 1886 379 1937 prediis
414 1897 494 1938 que
529 1886 791 1926 vendidimus
817 1886 1035 1925 habuimus
1068 1886 1313 1926 tradidimus
1347 1887 1589 1937 simpliciter
1623 1892 1665 1926 et
1697 1887 1889 1926 absolute
1923 1899 2024 1938 pre-

148 1955 258 1995 dicto
301 1955 443 1994 abbati
490 1959 532 1994 et
571 1953 772 1995 fratribus
822 1956 1082 2011 degentibus
1125 1955 1274 1995 ibidem
1318 1966 1454 1994 rerum
1504 1956 2024 1996 venditarum-dominium

148 2025 450 2063 concedentes,
483 2025 587 2076 ipsis
628 2025 870 2064 tradidimus
903 2025 1216 2076 possessionem
1251 2025 1510 2076 corporalem
1553 2026 1840 2076 promittentes
1874 2025 1936 2065 eis
1970 2025 2023 2066 de

149 2094 359 2133 euictione
395 2097 436 2133 et
471 2094 569 2133 uitio
603 2095 854 2134 cavtionem.
918 2095 1054 2133 Facta
1088 2097 1154 2133 est
1186 2098 1322 2134 autem
1361 2094 1442 2133 hec
1476 2094 1675 2134 venditio.
1709 2095 1835 2134 Anno
1869 2095 2022 2150 gracie

147 2162 208 2202 M.
243 2160 333 2203 CC.
367 2163 511 2202 XXX.
545 2163 622 2202 III.
664 2175 835 2215 quoram
869 2163 1031 2203 domino
1071 2163 1306 2217 peregrino
1341 2162 1544 2214 quondam
1587 2163 1813 2215 Episcopo.
1857 2168 1900 2204 et
1932 2162 2022 2203 fra-

148 2231 282 2270 tribus
316 2232 474 2271 ordinis
507 2233 653 2272 nostri.
687 2233 890 2273 Henrico.
933 2232 1122 2287 gladota.
1156 2232 1375 2273 Gozwino.
1409 2230 1630 2272 Chvnone.
1662 2232 1877 2272 Bertoldo.
1910 2234 2022 2272 Ber-

146 2300 257 2340 toldo
292 2304 333 2339 et
366 2301 583 2340 thederico
624 2302 931 2343 sacerdotibus.
965 2302 1140 2356 hugone
1173 2301 1293 2341 laico.
1334 2305 1377 2341 et
1410 2301 1503 2341 aliis
1545 2313 1666 2353 quam
1698 2302 1898 2353 pluribus.
1963 2301 2023 2341 Vt

147 2381 259 2424 ergo
294 2370 479 2409 venditio
505 2371 614 2410 inter
647 2383 723 2410 nos
752 2371 894 2412 habita
927 2376 969 2411 et
992 2373 1235 2410 contractus
1258 2374 1377 2410 ratvs
1404 2374 1445 2410 et
1470 2371 1747 2410 inconvvlsus
1776 2375 2021 2422 permaneat

146 2445 385 2490 presentem
419 2439 621 2479 kartulam
654 2441 784 2495 sigilli
819 2441 950 2480 nostri
984 2440 1246 2491 appensione
1279 2440 1471 2480 duximus
1503 2440 1796 2480 roborandam.

459 2531 511 2562 Ex
536 2531 736 2573 originali
760 2533 790 2563 in
815 2541 928 2563 museo
953 2531 1180 2563 Mor'avico.
