2212 2876
1077 87 1184 131 298

190 246 345 275 morum
378 233 704 287 VVencezlaum,
743 236 788 272 ut
820 230 984 284 prefate
1016 232 1200 272 libertati
1240 234 1386 272 nostre
1426 230 1698 279 fauorabilem
1737 245 1788 275 ac
1829 233 2060 290 benignum

188 304 317 358 regie
350 304 613 343 auctoritatis
654 303 856 353 preberet
888 313 1125 356 assensum,
1166 301 1275 353 quod
1309 305 1351 341 et
1391 300 1505 357 secit,
1538 314 1589 349 ac
1629 304 1762 358 sigilli
1795 305 1859 344 sui
1892 304 2060 359 regalis

189 373 409 413 munimine
449 375 632 412 nostrum
671 372 875 424 muniens,
915 382 1096 422 presens
1144 371 1361 410 roborauit
1400 371 1681 426 priuilegium.
1743 373 1923 424 Insuper
1964 374 2063 425 quia.

189 453 370 481 concors
405 445 496 481 erat
528 441 739 498 voluntas,
772 444 815 479 et
847 441 1055 479 vnanimis
1082 439 1327 494 benignitas
1360 438 1504 480 fratris
1532 442 1610 481 mei
1643 442 1904 481 serenissimi
1936 428 2061 496 regis

189 515 231 551 et
263 522 369 563 mea,
398 521 498 549 sese
531 510 709 549 inuicem
736 510 1006 563 comitantes3
1039 509 1354 560 supplicandum
1386 509 1559 563 dignum
1585 509 1801 550 habuimus
1824 511 2061 550 venerabili

189 581 297 631 patri
346 583 490 618 nostro
538 579 748 632 Ruperto,
798 578 1062 619 olomucensi
1113 579 1338 631 episcopo,
1387 582 1432 618 vt
1478 583 1574 629 post
1622 578 1732 619 hanc
1778 580 2062 630 pecuniariam

190 660 354 702 penam,
389 659 469 700 que
503 650 570 687 est
602 648 817 701 inscripta,
852 658 995 687 omnes
1028 648 1257 687 violatores
1291 647 1411 686 huius
1447 648 1579 687 nostri
1611 648 1841 703 priuilegii,
1874 660 1951 700 per
1982 660 2062 688 nos

189 716 434 771 confirmati,
478 717 920 756 excommunicationis
960 717 1127 756 vinculo
1161 716 1396 769 innodaret,
1437 720 1478 757 et
1509 728 1621 768 pena
1663 718 1857 771 grauiori
1890 718 2062 769 percel-

188 786 309 840 leret,
344 786 452 838 quod
487 790 529 826 et
554 785 730 839 sactum,
765 790 806 825 et
830 787 871 825 in
904 788 1072 840 signum
1100 785 1220 825 huius
1253 783 1352 825 sacti
1377 785 1545 839 placuit,
1572 787 1766 838 quatinus
1790 786 1842 826 ad
1876 790 2062 827 nostram

186 856 426 908 petitionem
460 856 576 901 circa
617 856 696 895 duo
732 859 876 894 nostra
916 855 1059 910 sigilla
1101 856 1141 894 in
1174 855 1449 894 testimonium
1487 856 1620 894 maius
1661 855 1838 894 euidens
1877 855 2060 910 sigillum

189 936 307 964 suum
341 925 603 976 appenderet
643 925 829 964 dominus
864 925 1104 977 episcoqu
1145 924 1252 975 quod
1287 927 1328 963 et
1361 922 1473 963 fecit.
1536 924 1630 964 Hoc
1674 925 1809 978 etiam,
1843 924 1952 976 quod
1986 936 2062 964 su-

190 995 334 1045 perius
369 993 591 1033 obmissum
618 997 683 1032 est
715 993 942 1046 priuilegio
968 994 1230 1032 interserere
1257 992 1308 1031 de
1336 993 1612 1032 venatoribus
1640 998 1682 1033 et
1705 993 2063 1047 caniductoribus,

189 1063 258 1115 qui
292 1063 461 1102 Holothi
504 1066 810 1116 nuncupantur,
844 1064 1075 1114 statuimus,
1116 1073 1169 1101 ne
1202 1063 1244 1100 in
1284 1061 1454 1101 abbatia
1486 1062 1558 1101 vel
1598 1062 1708 1103 villis
1749 1063 1920 1102 abbatie
1959 1074 2063 1113 per-

186 1135 375 1184 noctent,
408 1131 486 1170 sed
520 1132 573 1170 de
607 1132 718 1171 bona
742 1132 955 1172 uoluntate
988 1131 1154 1170 abbatis
1185 1129 1254 1169 nel
1285 1128 1471 1185 fratrum,
1506 1131 1702 1183 quidquid
1737 1132 1800 1171 eis
1835 1132 2063 1183 impensum

187 1198 314 1241 fuerit
346 1201 387 1239 in
428 1201 620 1254 caritate,
655 1201 750 1240 inde
790 1201 905 1251 ipsos
940 1203 1159 1241 contentos
1201 1210 1301 1238 esse
1335 1199 1615 1253 decreuimuS,
1655 1200 1839 1252 alioquin
1881 1201 1917 1239 si
1950 1201 2061 1240 iniu-

190 1271 327 1310 riosos
369 1280 419 1309 se
461 1269 737 1323 reddiderint,
783 1270 893 1309 sicut
934 1273 1060 1308 antea
1100 1269 1151 1308 de
1192 1268 1424 1309 huiusmodi
1471 1269 1702 1320 predictum
1734 1273 1813 1324 est,
1854 1270 2062 1310 eiectione

189 1338 347 1393 dignos
381 1349 481 1378 esse
515 1350 753 1393 censemus,
784 1350 865 1378 nec
899 1339 962 1377 eis
995 1339 1213 1390 quicquam
1247 1338 1391 1392 gratie
1418 1337 1488 1378 vel
1520 1337 1756 1378 uictualium
1789 1339 2062 1390 impendatur.

172 1408 326 1448 >Huius
359 1409 421 1448 rei
454 1411 589 1448 testes
623 1411 740 1448 sunt:
781 1408 955 1447 V11·icus
989 1407 1073 1447 dux
1107 1405 1309 1448 Carintie.
1350 1407 1566 1447 Arnoldus
1599 1418 1740 1447 comes
1774 1407 1825 1447 de
1858 1408 2063 1447 Hukens-

188 1489 335 1532 wage.
374 1477 550 1517 Wocco
600 1478 859 1517 castellanus
905 1476 1209 1517 olomucensis.
1257 1476 1498 1516 Zemizlaus
1547 1477 1820 1516 camerarius.
1868 1477 2064 1516 Predbor

187 1546 328 1587 iudex.
363 1545 575 1586 Zlawata.
602 1546 845 1587 Bohuzlaus
878 1544 982 1587 filius
1007 1546 1208 1586 Protiwe.
1242 1545 1377 1585 abbas
1405 1544 1616 1586 Gerlacus
1651 1546 1702 1585 de
1728 1544 1898 1586 Gradis.
1933 1545 2061 1585 Onso.

189 1616 339 1655 Bludo.
380 1616 534 1655 Victor
573 1614 642 1655 filii
684 1615 900 1655 Bludonis.
941 1619 983 1654 et
1024 1616 1093 1655 alii
1133 1626 1253 1666 quam
1294 1615 1438 1666 plures
1481 1616 1521 1654 in
1563 1615 1780 1666 prouincia
1822 1615 2063 1654 Brunnensi

190 1689 232 1725 et
257 1685 532 1737 Znoymensi.
578 1684 746 1734 (Bludo
767 1685 884 1737 filius
910 1684 1109 1724 ansonis.
1133 1683 1402 1725 Lambertus.
1427 1683 1635 1725 Swiebor.
1668 1683 1886 1723 nedebor.
1914 1685 2065 1724 Milela

191 1754 326 1794 iudea:
360 1754 411 1794 de
446 1754 611 1807 Oppau.
645 1753 885 1795 Zwieschse.
924 1753 1102 1795 Beneda
1135 1753 1186 1793 de
1228 1752 1367 1794 Greoe.
1408 1753 1572 1805 IVoyna
1606 1754 1745 1806 frater
1787 1754 1890 1792 eius.
1922 1753 2063 1792 Putr-

189 1823 353 1862 rcmdus
385 1825 578 1862 nolarz‘us
613 1823 911 1875 opquzuiensis.
944 1822 1150 1863 Millz'scle.
1182 1821 1282 1862 Jdik
1303 1823 1441 1875 frater
1474 1823 1621 1874 ipsius·
1655 1821 1852 1862 Mlsclzek
1886 1821 2064 1861 olomu-

191 1893 346 1933 censis.
376 1892 668 1932 Theodoricus
690 1893 930 1945 prepositus
965 1891 1272 1931 Olomucensis.
1311 1890 1556 1929 Willzelmus
1588 1890 1787 1930 decanus.
1810 1889 2065 1931 Radozlaus

186 1961 529 2001 archidiaconus:
563 1962 736 2013 Jonses
762 1960 1106 2000 archidiaconem.
1148 1961 1274 2000 Esau
1309 1959 1652 1999 archidiaconus.
1678 1959 1885 1999 Nic-olaus
1911 1958 2060 1999 archi-

198 2029 417 2070 diaconus.
460 2029 714 2071 Gen-hardus
747 2031 990 2071 canonicus.
1032 2029 1372 2069 Bartholomeus.
1406 2029 1620 2068 Ancarius.
1655 2029 1850 2067 canonici
1884 2028 2062 2070 olomu-

194 2110 353 2138 σθω-63.
372 2098 620 2139 Ratiborius
642 2099 898 2138 castellanus
916 2099 1200 2139 Brunuense's.
1218 2096 1426 2138 Aruebus.
1445 2097 1597 2137 Jenzo.
1613 2098 1693 2150 filii
1710 2097 1813 2136 eius.
1832 2096 2066 2137 Zwezlaus

196 2168 461 2207 camerarius
493 2168 780 2207 Brmmensz’s.
831 2168 961 2206 W'oco
994 2166 1348 2206 subcamerarius.
1382 2165 1571 2206 ,lacobus
1604 2166 1753 2206 dudem.
1785 2165 1982 2207 Alberlas
2014 2164 2067 2205 de

193 2235 384 2276 Medion.
425 2235 682 2287 »Stephanum
722 2237 960 2275 Imm-amus
996 2236 1136 2288 fralet·
1168 2237 1317 2288 ipsius.
1364 2234 1557 2276 Rubinus
1595 2235 1767 2275 uillicus
1798 2235 1844 2274 in
1880 2234 2067 2275 Brwma

196 2304 445 2345 Primsluus
479 2304 530 2343 de
558 2304 871 2345 Madlomericz.
897 2306 1011 2346 Rim.
1040 2304 1159 2346 Cetrh.
1186 2304 1430 2345 Schalolow
1459 2305 1598 2357 frater
1624 2305 1772 2356 ἱρείας.
1801 2302 2065 2344 Pribizlam.

195 2374 455 2416 Pircoslau-s·
493 2374 574 2426 [ῑΙὶἱ
613 2375 786 2413 ΡὶιὋοε.
827 2374 1077 2418 Boltuslaus
1117 2373 1169 2413 de
1208 2373 1457 2413 medente-z.
1497 2373 1748 2413 Hoztislaus
1788 2372 1840 2412 de
1881 2371 2064 2413 Sebelz'n.

197 2442 422 2494 [alpoldus
450 2442 704 2481 castellanus
733 2442 785 2483 de
810 2442 1045 2494 Meidbery.
1071 2442 1248 2482 Boscleo
1271 2441 1578 2483 marsclmlcus.
1611 2440 1745 2482 Ntkul
1763 2442 1901 2494 frater
1928 2440 2064 2493 ipsius

192 2509 445 2552 Geram-dus
489 2513 609 2564 paler
658 2522 814 2551 eorum.
862 2512 1073 2563 Nayqrad
1118 2511 1169 2551 de
1210 2511 1394 2556 Otteltou.
1461 2511 1617 2551 Welen.
1659 2511 1753 2551 Leo
1795 2510 1912 2563 fillus
1960 2510 2063 2549 eius.
