2212 2876
984 109 1192 171 ——150

198 255 341 298 fratris
364 255 496 295 nostri
519 253 772 295 marchionis
797 252 996 292 Morauie
1028 253 1193 292 nomine
1224 251 1481 304 Weacijzlay.
1515 251 1625 303 quod
1654 252 1852 303 temporis
1886 254 1928 291 et
1960 251 2078 306 ignis

198 327 348 367 iniuria
388 337 471 365 non
512 323 673 364 modice
713 322 845 362 lesum
893 323 1031 362 extitit
1073 322 1317 361 innouarem
1364 324 1406 361 et
1444 318 1737 360 fauorabiliter
1776 320 2078 361 confirmarem.

199 396 318 436 cuius
351 394 551 434 videlicet
583 396 705 432 tenor
738 393 779 431 in
811 391 892 431 hec
925 392 1057 431 uerba
1091 392 1276 442 scriptus
1310 394 1422 430 erat:
1462 390 1517 430 In
1547 391 1716 429 ποηιίηε
1749 389 1909 429 domini
1941 401 2076 430 amen.

197 466 297 517 qu
321 464 538 504 Hem-icus
556 464 628 501 etc.
648 473 759 501 αηηο
795 460 946 500 1214.
965 460 1101 510 [Vide
1122 472 1162 499 n.
1187 459 1382 511 LXIV.)
1415 483 1472 488 ——
1501 459 1712 500 Videntes
1738 460 1881 512 itaque
1899 460 2079 512 qualiter

198 532 351 587 prefati
384 533 502 572 ciues
535 531 813 585 malignorum
846 531 1018 569 incursu
1058 533 1100 569 et
1141 530 1259 584 ignis
1292 529 1506 584 uoragine
1540 530 1594 569 ad
1630 541 1830 584 magnam
1864 531 2078 584 egestatis

198 614 441 656 pressuram
487 602 571 640 sint
611 600 774 651 delapsi
815 599 918 651 ipsis
967 597 1119 650 prefati
1158 599 1375 653 priuilegii
1422 602 1612 638 tenorem
1652 599 1781 653 regia
1829 600 2078 640 auctoritate

202 670 495 712 confirmantes
535 671 576 710 in
612 674 847 709 restaurum
881 669 1064 708 ciuitatis
1106 680 1184 708 sue
1216 672 1448 719 prouentus
1491 668 1647 719 telonei
1680 669 1813 708 nostri
1852 669 2004 708 ibidem
2037 669 2078 708 in

198 742 372 781 Bisince
419 751 496 791 per
535 739 732 779 decennii
774 738 1024 778 curriculum
1073 737 1341 777 concedimus
1383 738 1588 792 benigne.
1631 741 1673 778 et
1719 738 1988 793 indulgemus
2035 743 2080 779 ut

198 811 305 851 omni
347 809 438 849 iure
491 812 534 849 et
572 809 771 849 libertate
812 808 1034 862 gaudeant
1081 818 1162 859 que
1205 807 1364 846 ciuitati
1413 807 1672 847 Brecizlaue
1719 811 1816 847 sunt
1855 818 2079 847 concessa.

197 880 349 921 Actum
391 882 433 918 et
473 878 609 918 datum
647 889 794 917 mense
841 878 996 916 marcio
1039 877 1078 916 in
1129 876 1331 931 Godinge
1372 888 1481 915 anno
1531 876 1734 917 dominice
1777 877 2080 916 incarnationis

196 949 410 989 millesimo
458 948 744 988 ducentesimo
796 948 1006 1002 vigesimo
1054 947 1190 986 tertio.
1255 945 1324 986 Ad
1375 946 1574 986 maiorem
1623 947 1686 985 rei
1735 946 1947 986 cautelam
1989 957 2079 1001 ego

199 1018 412 1060 otakarus
461 1021 504 1058 et
550 1017 715 1058 domina
755 1014 1008 1058 Constantia
1056 1016 1213 1070 regina
1259 1015 1537 1055 Boliemorum
1585 1019 1826 1066 presentem
1877 1016 2081 1070 paginam

197 1088 475 1140 impressione
514 1090 749 1127 nostrorum
791 1086 1026 1140 sigillorum
1067 1085 1310 1124 muniuimus
1351 1096 1491 1125 coram
1533 1085 1728 1125 testibus.
1770 1096 1942 1137 quorum
1983 1088 2081 1126 sunt

198 1157 280 1198 hec
328 1158 513 1197 nomina:
563 1157 776 1196 Bawarus
825 1155 1116 1196 olomucensis
1157 1155 1429 1194 camerarius.
1480 1154 1725 1205 Stephanus
1771 1154 1824 1194 de
1863 1154 2079 1195 Medloue.

200 1225 372 1269 Cstibor
420 1226 679 1266 castellanus
729 1225 782 1265 de
830 1236 1028 1277 preroue.
1075 1224 1321 1264 Ratiborius
1369 1224 1498 1263 iudex
1544 1225 1793 1264 Brunensis.
1850 1221 2079 1265 Cunradus

199 1297 343 1337 scriba
374 1296 627 1336 Brunensis.
662 1295 778 1336 Onso
805 1295 1069 1349 bui-grauius
1103 1293 1156 1333 de
1178 1294 1356 1334 Podiuin
1389 1298 1431 1334 et
1464 1294 1534 1334 alii
1568 1305 1689 1346 quam
1722 1294 1877 1346 plures.
1925 1294 2079 1335 Datum

197 1378 275 1419 per
306 1377 451 1407 manus
485 1365 647 1406 Jarosii
679 1365 891 1417 capellani
925 1364 1087 1404 domine
1122 1364 1291 1418 regine.

512 1457 566 1489 Ex
591 1457 707 1489 eodem
730 1455 1093 1489 Tisclinowicensi
1117 1454 1237 1487 codice
1260 1455 1330 1487 Ms.

1015 1587 1264 1630 CXLVIII.

202 1684 414 1738 Ptemysz,
461 1687 666 1726 Boemiae
707 1697 792 1724 rea>
833 1688 871 1724 el
915 1683 1108 1724 marchio
1150 1684 1390 1735 Mami-iae,
1434 1684 1585 1723 eximit
1631 1684 1837 1723 cirilalem
1877 1666 2078 1723 Brea-law

259 1755 599 1807 (Lundenburq)
632 1768 658 1795 a
691 1754 850 1795 teloneo
883 1753 941 1794 ad
972 1753 1117 1793 decem
1150 1754 1371 1792 continuos
1404 1763 1552 1792 manoe.
1618 1753 1690 1793 Dc.
1724 1754 1767 1792 ἱη
1800 1752 2017 1803 Hodonin,

1062 1822 1215 1862 1223.

330 1893 531 1954 Premizl
572 1911 640 1951 dei
682 1911 838 1966 gracia
878 1908 1167 1949 Bohemorum
1205 1921 1290 1948 rem
1330 1910 1369 1947 et
1406 1907 1598 1947 marchio
1630 1907 1842 1947 ,nm-anie.
1884 1907 2073 1946 omnibus

203 1982 480 2022 theloneariis
523 1993 600 2032 per
637 1992 815 2032 reynum
853 1982 1044 2019 nostrum
1083 1978 1289 2018 Bolzemz‘e
1335 1980 1374 2017 et
1410 1977 1623 2017 Mor-anie.
1663 1977 1899 2016 constitutis
1940 1980 2078 2016 notum

203 2056 245 2091 et
269 2051 501 2091 mandatum
534 2061 634 2090 esse
667 2050 869 2090 uolumus.
904 2048 1013 2101 quod
1041 2059 1117 2087 nos
1151 2047 1205 2086 ad
1228 2048 1451 2086 instantem
1483 2046 1832 2085 intercessionem
1858 2045 2079 2085 karissime

203 2121 401 2174 coniugis
434 2123 579 2159 nostre
615 2117 882 2160 constancia
918 2117 1081 2157 ciuibus
1115 2116 1297 2156 ciuitatis
1330 2116 1462 2167 ipsius
1496 2126 1577 2167 que
1611 2115 1762 2154 dicitur
1804 2115 2077 2155 Brecz'zlaua.

201 2191 280 2230 site
314 2191 353 2229 in
387 2190 571 2229 terminis
605 2188 779 2229 Austrie
813 2188 922 2227 hanc
964 2187 1252 2227 concessimus
1285 2186 1492 2240 graciose
1532 2184 1779 2224 libertatem.
1812 2188 1856 2224 ut
1888 2184 1971 2223 sint
2004 2193 2080 2234 per

204 2260 426 2299 continuos
459 2259 604 2297 decem
638 2269 774 2297 annos
809 2257 861 2296 ab
896 2257 1002 2296 omni
1036 2256 1281 2295 tributorum
1314 2259 1356 2294 et
1389 2254 1665 2309 vectigalium
1698 2255 1924 2293 exactione
1956 2253 2078 2293 liberi

202 2332 244 2368 et
284 2328 463 2379 exempti
505 2330 546 2367 et
586 2327 754 2367 telonea
794 2337 871 2378 per
911 2330 1051 2366 terras
1095 2323 1281 2376 prefatas
1322 2324 1457 2363 libere
1508 2326 1740 2364 transeant.
1782 2324 1976 2375 quatinus
2015 2323 2078 2362 sic

203 2398 383 2437 ciuitatis
427 2407 504 2436 sue
546 2396 872 2438 meliorationem
913 2407 989 2434 nos
1031 2394 1260 2434 omnimoda
1299 2394 1552 2433 liberalitate
1594 2403 1841 2445 promouere
1881 2392 2077 2432 sentiant.

200 2466 353 2507 Datum
388 2466 429 2505 in
462 2465 658 2505 Hodonin
691 2476 800 2504 anno
837 2468 990 2519 gracie
1023 2461 1322 2504 Mccxxssl.

512 2556 566 2588 Ex
594 2556 710 2588 eodem
735 2556 1095 2588 Tischnowicensi
1124 2554 1239 2587 codice
1266 2553 1336 2586 Ms.
