2212 2876
1012 91 1121 133 380

903 303 1237 347 CCCXXVIII.

140 432 399 480 Consimilia,
440 428 649 482 quondam
691 427 895 468 Boemiae
933 427 1098 478 reclina,
1139 429 1379 466 testmnento
1415 436 1496 478 pro
1528 424 1630 463 villa
1670 411 1846 473 Komjn,
1887 431 2011 472 quam

138 514 164 541 ο
197 502 332 540 Diu-is
366 500 417 539 cle
441 500 647 539 Diwisow
680 498 726 547 (e
745 499 868 547 [sente
900 494 1225 547 ›S'lernberyicco
1254 507 1335 548 pro
1365 493 1626 535 (JCLXXX
1651 492 1810 530 neure-is
1843 491 2011 539 emerat,

139 570 337 621 Sales-luo,
375 569 465 621 silio
498 568 652 618 Diu-is,
690 565 888 604 residuas
930 566 1231 616 quinquaqinta
1272 576 1443 604 marcas
1482 562 1592 601 solvi
1626 561 1843 613 procurat.
1906 558 2013 599 Acta

393 640 437 678 in
468 637 723 677 monasterio
766 631 1084 686 Tit-nomicensi,
1117 634 1254 674 Nom‘s
1293 631 1558 683 Decembris,
1608 629 1760 671 1240.

269 758 385 820 Nos
411 774 671 817 Constancia
695 774 762 814 dei
788 773 941 827 gracia
967 772 1174 824 quondam
1199 772 1371 812 BoemIe
1395 771 1554 827 regina
1578 780 1688 809 nunc
1713 779 1819 807 vero
1853 765 2016 806 humilis

142 848 293 887 ancilla
340 847 447 887 Jesu
498 843 656 885 Christi
704 843 891 882 omnibus
939 844 1180 893 presentem
1228 842 1428 895 paginam
1468 839 1721 891 inspecturis
1762 837 1936 876 salutem
1975 835 2017 873 in

143 916 315 958 Christo
349 916 471 955 Jesu.
505 914 571 953 Ad
607 914 897 953 vniuersorum
937 912 1149 962 presentis
1191 912 1315 951 etatis
1356 915 1398 950 et
1437 908 1592 949 suture'
1616 907 1876 960 posteritatis
1916 915 2017 956 per-

140 987 290 1027 uenire
336 984 524 1024 uolumus
571 983 763 1021 noticiam
811 971 924 1032 *fjuod
973 992 1050 1019 nos
1099 980 1344 1034 egritudine
1391 980 1525 1034 graui.
1568 969 1855 1029 preoccupate
1903 974 2020 1013 circa

141 1054 363 1095 Kalendas
397 1052 647 1092 Decembris
681 1055 723 1091 et
755 1050 1035 1089 imbecillitate
1069 1050 1259 1100 corporis
1292 1048 1585 1088 inualescente
1617 1046 1901 1100 {cognouimus
1940 1054 2019 1082 nos

143 1125 254 1163 viam
294 1122 437 1162 carnis
483 1122 685 1160 Vniuerse
734 1131 810 1170 per
855 1118 1033 1158 eandem
1072 1116 1344 1157 infirmitatem
1383 1110 1686 1164 incuitabiliter
1704 1116 2020 1181 §gingressuras

146 1193 236 1235 Sed
286 1192 382 1244 quia
423 1191 561 1230 villam
602 1200 682 1241 que
723 1190 886 1229 Konn‘n
927 1191 1191 1239 nuncupatur
1233 1198 1351 1239 quam
1394 1186 1503 1238 apud
1544 1186 1747 1225 dominum
1789 1188 1931 1240 Dyuis
1970 1186 2022 1226 de

151 1264 346 1314 Diuysou
392 1259 668 1299 mediantibus
708 1259 812 1297 viris
856 1257 1061 1297 nobilibus
1094 1257 1294 1297 videlicet
1341 1256 1503 1296 domino
1544 1256 1722 1295 Alberto
1766 1255 1818 1295 de
1858 1256 2024 1306 Slyuen

147 1330 380 1371 camerario
415 1329 585 1368 Boemie
620 1331 662 1367 et
694 1326 803 1366 fideli
837 1330 980 1366 nostro
1015 1326 1176 1366 domino
1210 1326 1382 1365 Brnone
1417 1326 1585 1365 emimus
1629 1337 1704 1376 pro
1746 1325 1938 1365 ducentis
1982 1331 2025 1367 et

149 1401 369 1455 octoginta
403 1399 554 1439 marcis
595 1409 651 1436 ex
684 1398 856 1451 integro
892 1396 1166 1448 pei-soluimus
1199 1395 1360 1435 minime
1394 1396 1568 1434 maxime
1602 1398 1775 1446 propter
1813 1395 1894 1435 hoc
1928 1398 2025 1448 quia

151 1469 438 1522 prenominato
479 1467 641 1506 domino
681 1467 807 1506 Diuis
855 1465 907 1504 de
950 1465 1147 1516 Dyuisov
1187 1465 1331 1504 carnis
1378 1464 1560 1504 debitum
1599 1464 1872 1515 persoluente
1919 1464 2026 1507 filius

151 1550 254 1578 suus
289 1537 509 1578 Zdeslau-s·
542 1537 660 1576 cuius
695 1535 825 1575 eciam
859 1533 1047 1574 fauorem
1080 1545 1210 1586 super
1253 1533 1470 1585 empcione
1504 1533 1602 1572 ville
1634 1534 1841 1585 prelibate
1874 1534 2027 1575 habui-

153 1620 243 1648 mus
287 1610 329 1646 et
361 1607 428 1645 cui
469 1609 628 1657 partem
669 1606 851 1656 pecunie
885 1604 1081 1643 soluimus
1123 1615 1196 1655 pro
1240 1603 1339 1643 villa
1373 1614 1478 1654 sepe
1519 1602 1628 1642 dicta
1669 1603 1721 1642 ad
1755 1605 2027 1645 monicionem

155 1683 197 1717 et
230 1677 478 1729 peticionem
517 1678 703 1715 nostram
746 1675 891 1726 sepius
932 1675 1123 1713 iteratam
1163 1673 1292 1712 noluit
1338 1673 1521 1711 circuire
1559 1672 1698 1711 villam
1738 1671 1903 1723 Koinyn
1938 1685 2028 1713 cum

158 1748 246 1787 suis
280 1745 519 1785 attinenciis
558 1744 691 1795 pratis
725 1743 1038 1794 piscacionibus
1072 1742 1197 1796 agris
1236 1745 1277 1781 et
1310 1742 1402 1781 aliis
1435 1742 1558 1780 cultis
1599 1742 1690 1781 siue
1724 1742 1888 1781 incultis
1922 1744 2031 1784 sicut

155 1816 381 1855 tenebatur
414 1814 466 1853 de
500 1814 665 1852 iusticia
699 1813 893 1853 circuire.
944 1812 1078 1853 Saluti
1113 1813 1253 1863 itaque
1288 1812 1423 1851 anime
1456 1815 1602 1850 nostre
1635 1811 1907 1851 consulentes
1941 1824 2030 1852 me-

159 1884 329 1924 moriale
363 1883 469 1922 istud
506 1880 649 1922 nostre
677 1882 901 1921 dimisimus
936 1881 1070 1921 domvi
1102 1885 1311 1935 rogantes
1346 1881 1386 1919 in
1421 1880 1581 1919 domino
1615 1871 1665 1919 ut'
1690 1884 1785 1930 post
1818 1883 2030 1922 ostensio-

159 1965 252 1994 nem
286 1957 485 1993 metarum
512 1955 552 1991 et
586 1952 834 1991 circuituum
861 1956 958 1990 ante
993 1951 1101 1989 dicto
1128 1950 1318 1989 Zdeslao
1352 1949 1490 1989 soluat
1523 1949 1741 1988 abbatissa
1774 1961 2033 2003 quecumque

162 2021 288 2062 suerit
321 2023 626 2074 quinquaginta
653 2032 820 2060 marcas
855 2021 952 2072 quia
980 2017 1055 2060 CC
1092 2025 1132 2058 et
1166 2020 1298 2059 XXX
1323 2030 1487 2060 marcas
1521 2019 1717 2058 soluimus
1743 2019 1823 2058 sibi
1857 2023 1898 2058 et
1925 2022 2032 2071 patri

163 2105 247 2132 suo¹
305 2092 372 2131 Ad
406 2092 602 2130 maiorem
635 2095 770 2130 autem
804 2091 1047 2129 caucionein
1081 2088 1203 2127 liuius
1233 2089 1349 2142 gesti
1384 2091 1526 2127 nostro
1561 2088 1703 2142 sigillo
1738 2091 1780 2127 et
1813 2088 2032 2128 abbatisse

164 2162 244 2202 linc
287 2151 483 2211 scriptum
525 2161 718 2199 iussimus
761 2160 1012 2199 communiri.
1076 2159 1187 2198 Acta
1230 2162 1326 2197 sunt
1368 2169 1478 2197 anno
1519 2158 1671 2211 gracie
1712 2156 1774 2196 Μ.
1814 2154 1904 2198 CC.
1936 2156 2031 2197 XL.

168 2231 300 2272 Nonis
335 2229 598 2269 Decembris.

479 2346 533 2379 Ex
558 2346 750 2387 originali
782 2347 969 2378 monasterii
993 2344 1392 2376 'rischnowicensm
