2212 2876
1052 69 1149 109 131

163 226 212 255 se
245 215 410 255 nouerit
448 214 722 254 incursurum.
785 213 938 254 Datum
977 212 1183 253 Laterani
1216 212 1292 251 vl.
1326 211 1418 251 idus
1462 211 1699 251 Februarii.
1762 210 2035 252 Pontificatus

162 285 295 325 nostri
329 295 440 323 anno
474 287 613 323 sexto.

474 399 504 431 E
535 399 682 432 codice
719 398 1041 431 Welehradensi
1076 398 1146 429 Ms.
1177 397 1231 428 sol.
1270 394 1355 428 106.
1390 396 1434 428 ad
1464 397 1551 439 quod
1586 399 1817 429 monasterium
1849 398 1935 430 bulla
1962 400 2035 441 ipsa

578 451 770 492 specialiter
793 451 990 492 pertinebat.

983 625 1213 667 FXXVH.

162 731 384 770 Honorius
430 743 543 783 papa
592 731 679 770 ΙΙΙ.
727 730 870 769 ordini
911 730 1256 770 (testem-tensium
1305 729 1508 781 concedit,
1557 729 1671 780 quod
1714 741 1796 769 nou
1847 733 2035 770 tenentur

230 800 395 839 sola-ere
428 800 614 839 decimas
647 799 699 839 de
730 799 964 838 noi-alibius.
1032 801 1190 838 Halnm
1224 799 1433 837 lmlermu‘
1477 799 1546 838 ΙἸ.
1581 798 1686 837 Idu-s·
1720 799 1966 852 Februarii,

1024 868 1174 906 1222.

292 962 530 1022 Honorius
574 981 800 1031 episcopus
843 992 995 1019 seruus
1036 992 1253 1018 seruorum
1295 979 1375 1018 (lei.
1442 979 1621 1019 Dilectis
1663 977 1753 1018 filiis
1795 1010 1804 1019 .
1839 1010 1849 1020 .
1892 981 2034 1022 abbati

161 1047 440 1091 Cisterciensi
486 1054 527 1088 et
562 1050 772 1088 vniucrsis
817 1050 1094 1088 coabbatibus
1135 1050 1226 1087 eius
1261 1053 1302 1088 et
1336 1047 1536 1088 fratribus
1578 1048 1661 1087 sub
1706 1049 1851 1088 eodem
1886 1051 2031 1090 ordine

162 1118 241 1158 deo
282 1119 581 1170 seruientibus,
615 1119 792 1158 salutem
834 1123 875 1157 et
909 1118 1179 1169 apostolicam
1222 1118 1578 1157 benediccionem.
1644 1117 1869 1172 Contingit
1902 1121 2034 1159 inter-

162 1188 268 1240 dum,
303 1187 409 1239 quod
446 1188 628 1227 nonnulli
664 1189 843 1239 propriis
879 1188 1168 1226 incumbentes
1202 1187 1434 1240 affectibus,
1469 1188 1560 1226 dum
1593 1193 1831 1227 sanctorum
1865 1201 2033 1229 sensum

161 1257 408 1312 legittimum
442 1257 495 1296 ad
530 1268 607 1296 sua
642 1262 739 1296 uota
773 1269 855 1296 non
893 1257 1049 1296 liabent
1082 1257 1406 1310 accommodum,
1439 1257 1773 1308 superinducunt
1804 1258 2036 1299 adulterum

159 1326 412 1366 intellectum
445 1326 487 1365 in
513 1326 731 1377 temporali
752 1326 998 1378 compendio
1032 1330 1220 1366 eternum
1247 1326 1506 1377 dispendium
1540 1339 1621 1366 non
1654 1327 1861 1367 timentes.
1899 1325 2027 1383 {Sane

161 1396 257 1447 quia
300 1397 409 1434 sicut
442 1395 674 1435 audiuimus
708 1395 872 1447 quidam
905 1407 982 1435 suo
1022 1396 1144 1435 unius
1179 1395 1422 1435 inherentes
1461 1397 1636 1450 ingenio
1670 1397 1916 1448 nimiumque
1955 1409 2035 1437 uo-

160 1463 326 1503 luntarii
374 1464 539 1503 concilii
589 1465 810 1518 generalis
861 1465 1116 1515 interpretes
1157 1464 1209 1503 de
1257 1465 1477 1504 noualibus
1519 1470 1613 1516 post
1660 1466 1766 1504 idem
1815 1467 2034 1507 concilium

160 1534 379 1585 acquisitis
413 1545 438 1572 a
465 1533 584 1572 uobis
609 1533 827 1573 intendunt
852 1534 1039 1573 decimas
1065 1538 1338 1587 extorquere,
1366 1545 1419 1572 ne
1449 1545 1578 1585 super
1603 1534 1682 1573 biis
1709 1546 1786 1573 uos
1811 1536 2035 1590 contingat

160 1601 345 1643 indebita
387 1602 684 1642 molestacione
724 1604 891 1656 uexari,
933 1615 1010 1642 nos
1045 1604 1440 1654 interpretacionem
1485 1615 1626 1643 eorum
1668 1604 1893 1644 intellectui
1928 1616 2034 1645 con-

160 1672 397 1711 stitucionis
438 1671 613 1723 predicti
658 1673 821 1711 concilii
870 1684 1000 1723 super
1043 1672 1387 1713 cisterciensium
1429 1673 1601 1713 decimis
1650 1674 1761 1714 edite
1804 1676 2034 1714 asserimus

160 1741 448 1794 peregrinam.
511 1740 561 1780 In
608 1741 699 1792 ipsa
742 1741 904 1793 quidem
953 1753 1166 1793 expresse
1207 1747 1397 1796 canetur,
1439 1746 1482 1782 ut
1530 1743 1584 1782 de
1624 1743 1774 1783 alienis
1823 1745 1950 1783 terris
1992 1750 2035 1784 et

159 1809 344 1849 ammodo
393 1810 678 1864 acquirendis,
727 1812 763 1849 si
813 1822 889 1850 eas
937 1812 1117 1862 propriis
1164 1812 1354 1851 manibus
1404 1816 1474 1851 aut
1525 1813 1756 1863 sumptibus
1803 1813 2032 1865 colueritis,

160 1878 344 1919 decimas
378 1879 633 1930 persoluatis
668 1880 880 1929 ecclesiis,
916 1881 1065 1932 quibus
1100 1882 1270 1920 racione
1313 1881 1548 1931 prediorum
1582 1886 1708 1921 antea
1746 1882 2032 1922 soluebantur.

159 1947 287 1988 Vnde
336 1949 372 1987 si
420 1948 474 1988 ad
522 1951 832 2000 propepositum
888 1951 1020 1989 aciem
1068 1950 1346 1989 discrecionis
1402 1950 1706 2004 extenderent,
1755 1951 2031 1992 aduertentes

158 2016 462 2070 nichilominus,
495 2017 550 2057 de
583 2019 734 2070 quibus
769 2020 1003 2059 nouabibus
1028 2019 1260 2070 apostolica
1295 2019 1424 2058 sedes
1458 2019 1682 2074 intelligat,
1717 2020 2031 2075 indulgenciam

160 2097 290 2137 super
322 2086 475 2125 talibus
516 2088 594 2138 piis
627 2088 732 2127 locis
767 2099 1014 2128 concessam
1056 2101 1139 2128 non
1171 2089 1233 2127 sic
1267 2090 1382 2128 circa
1414 2089 1582 2128 noualia
1621 2101 1731 2129 noue
1772 2090 2031 2142 interpreta-

159 2155 294 2195 cionis
328 2155 504 2195 ludibrio
539 2157 713 2210 ingenia
747 2155 992 2211 fatigarent.
1048 2158 1286 2197 lnliibemus
1320 2169 1431 2212 ergo
1465 2159 1716 2198 auctoritate
1750 2161 2030 2214 presencium,

158 2228 204 2264 ut
236 2224 372 2263 nullus
405 2237 430 2263 a
462 2225 585 2264 uobis
621 2226 673 2265 de
707 2227 925 2267 noualibus
959 2239 983 2267 a
1017 2231 1202 2278 tempore
1236 2227 1400 2266 concilii
1443 2228 1639 2282 excultis,
1673 2228 1741 2267 uel
1776 2230 2029 2280 inposterum

161 2294 343 2345 propriis
376 2294 565 2333 manibus
599 2300 670 2334 aut
694 2297 924 2347 sumptibus
959 2297 1220 2348 excolendis,
1246 2296 1429 2335 decimas
1464 2298 1649 2350 exigere
1672 2298 1739 2336 uel
1773 2302 2030 2350 extorquere

158 2366 386 2415 presumat.
444 2363 554 2402 Nulli
588 2375 699 2418 ergo
733 2367 894 2405 omnino
929 2366 1131 2405 hominum
1164 2366 1289 2405 liceat
1321 2366 1432 2405 hanc
1465 2367 1664 2420 paginam
1698 2371 1842 2407 nostre
1874 2368 2029 2408 inhibi-

159 2433 293 2472 cionis
345 2430 599 2486 infringere,
640 2434 709 2472 uel
759 2435 797 2473 ei
841 2447 947 2473 ausu
994 2435 1216 2473 temerario
1258 2436 1482 2474 contraire.
1546 2436 1593 2476 Si
1635 2436 1727 2487 quis
1771 2440 1906 2476 autem
1949 2437 2027 2476 hoc

159 2504 408 2552 attemptare
441 2504 757 2556 presumpserit,
790 2504 1133 2557 indignacionem
1167 2504 1460 2556 omnipotentis
1495 2505 1562 2544 dei
1596 2510 1637 2544 et
1670 2505 1885 2546 beatorum
1909 2506 2028 2546 Petri

1610 2571 1716 2614 172⁴ss
