2212 2876
1066 82 1134 122 36

995 226 1210 266 XXVIII.

163 340 435 381 Innocentius
456 351 570 392 papa
596 338 683 391 ΙΙΙ.
712 339 991 377 immunitates
1014 337 1224 393 fratribus
1245 351 1279 378 s.
1305 339 1492 379 ‚Ioannis
1518 339 1563 378 in
1585 340 1787 380 Morem-ia
1813 353 1840 380 a
1871 340 2041 381 {Wadi-

160 411 253 451 slao
292 409 538 450 marchione
576 420 804 447 concessas
843 420 929 447 una
969 420 1065 447 cum
1101 407 1445 460 possessionibus
1486 409 1531 448 in
1564 409 1766 449 Kaunice
1803 412 1843 449 el
1873 410 2040 462 capella

206 481 251 520 in
282 478 532 520 Hrusowan
564 478 794 530 confirmat.
858 478 1020 517 Datum
1051 478 1218 519 Romae
1257 477 1381 518 VIII.
1415 476 1644 518 Kalendas
1677 477 1802 531 Majz’,
1843 479 2001 520 1206.

177 647 179 649 ¹
291 581 576 643 Innocentius
610 610 764 638 seruus
798 610 1017 638 seruorum
1049 598 1146 638 Dei.
1192 597 1373 638 Dilectis
1406 597 1499 638 filiis
1533 628 1543 637 .
1577 628 1587 638 .
1621 628 1632 637 .
1664 596 1868 638 fratribus
1892 599 2039 651 hospi-

162 671 256 711 talis
284 682 318 709 S.
344 670 555 710 ,Iohannis
580 668 910 708 ierosolimitani.
937 668 1113 708 salutem
1140 673 1181 708 et
1205 668 1478 721 apostolicam
1505 668 1856 708 benedictionem.
1903 670 2040 710 Justis

162 740 386 792 petentium
428 738 655 778 desideriis
690 737 865 792 dignum
905 742 972 777 est
1004 750 1082 777 nos
1122 737 1289 778 facilem
1329 738 1513 790 prebere
1553 749 1819 778 consensum.
1860 742 1902 779 et
1941 744 2040 780 uota

161 820 241 861 que
275 821 300 849 a
340 808 517 848 rationis
550 808 713 847 tramite
754 819 835 846 11011
877 807 1121 847 discordant
1161 807 1312 848 ellectu
1352 804 1640 859 prosequente
1682 808 1908 859 complere.
1973 809 2039 849 Ea

160 882 334 931 propter
367 877 508 918 dilecti
543 878 585 917 in
617 877 795 916 Domino
830 875 897 916 filii
931 878 1088 917 uestris
1122 879 1243 917 iustis
1278 880 1320 916 et
1353 877 1516 917 deuotis
1543 877 1895 928 postulationibus
1929 889 2041 933 gra-

158 954 241 988 tum
280 947 569 998 impertientes
620 958 856 985 assensum.
896 946 1116 986 libertates
1165 951 1206 987 et
1246 947 1521 986 immunitates
1568 947 1763 998 hospitali
1811 951 1958 987 uestro
1999 952 2041 987 et

160 1017 392 1057 hominibus
420 1016 605 1056 eiusdem
635 1028 659 1054 a
685 1015 906 1055 karissimo
935 1016 975 1055 iu
1001 1014 1172 1057 Christo
1197 1016 1278 1056 filio
1314 1015 1598 1068 ”Uadis-Iao]
1624 1017 1771 1055 illustri
1798 1017 2040 1057 marchione

159 1087 359 1126 Morauie
393 1086 434 1124 in
467 1090 583 1125 terra
617 1085 749 1136 ipsius
783 1096 1031 1125 concessas.
1074 1087 1183 1125 sicut
1215 1087 1256 1125 in
1290 1085 1476 1125 eiusdem
1517 1086 1770 1125 marchionis
1810 1087 2039 1141 priuilegio

160 1157 324 1209 plenius
367 1156 618 1194 continetur.
662 1166 743 1194 nec
784 1167 866 1194 non
910 1167 1043 1194 nouas
1084 1159 1255 1195 uestras
1298 1155 1610 1206 possessiones.
1650 1156 1772 1195 uobis
1812 1168 1838 1195 a
1886 1157 2040 1197 comite

159 1226 396 1266 Adalberto
440 1225 480 1264 in
526 1224 681 1265 Cunici
721 1225 909 1264 collatas.
950 1237 1034 1264 una
1076 1237 1167 1265 cum
1215 1225 1380 1276 capella
1424 1225 1465 1263 in
1507 1223 1800 1265 Grussoucme.
1841 1211 2041 1277 hospitali

159 1300 305 1336 uestro
347 1294 599 1334 auctoritate
640 1294 873 1345 apostolica
923 1293 1224 1334 confirmamus.
1275 1298 1317 1334 et
1359 1295 1572 1345 presentis
1621 1295 1768 1345 scripti
1806 1296 2041 1346 patrocinio

159 1365 466 1405 communimus.
530 1363 644 1402 Nulli
695 1374 807 1417 ergo
851 1365 1014 1403 omnino
1065 1363 1271 1403 hominum
1319 1364 1447 1403 liceat
1487 1363 1597 1403 hanc
1646 1365 1847 1418 paginam
1895 1369 2041 1405 nostre

159 1432 481 1488 confirmationis
515 1431 772 1487 infringere.
806 1433 876 1473 vel
918 1435 957 1473 ei
991 1446 1098 1473 ausu
1138 1435 1363 1474 temerario
1398 1434 1625 1473 contraire.
1689 1434 1737 1475 Si
1778 1435 1870 1486 quis
1904 1438 2041 1474 autem

158 1505 239 1544 hoc
272 1507 518 1555 attemptare
549 1505 866 1554 presumpserit.
900 1503 1235 1558 indignationem
1260 1504 1343 1543 Dei
1369 1508 1410 1543 et
1444 1504 1661 1542 beatorum
1688 1503 1807 1543 Petri
1833 1507 1875 1542 et
1903 1504 2038 1543 Pauli.

159 1574 441 1626 apostolorum
484 1573 576 1612 eius
617 1584 665 1612 se
706 1573 871 1612 nouerit
910 1574 1186 1613 incursurum.
1249 1573 1401 1612 Datum
1451 1573 1586 1612 Rome
1633 1573 1742 1624 apud
1791 1586 1826 1613 s.
1868 1573 2041 1614 Petrum

163 1644 278 1683 vul.
311 1642 536 1682 Kalendas
569 1642 688 1681 Maii.
721 1640 998 1681 Pontificatus
1032 1643 1181 1682 nostri.
1214 1655 1324 1682 auno
1359 1654 1483 1682 110110.

470 1768 499 1800 Ε
525 1768 734 1800 fasciculo
760 1769 1014 1809 copialorum
1040 1768 1249 1809 diplomatum
1274 1769 1307 1799 in
1331 1768 1468 1799 archivo
1492 1767 1771 1799 Melitensium
1797 1767 1939 1810 pragae.

1014 1955 1182 1995 XXIX.

208 2059 430 2111 [tobei-tas,
465 2060 689 2112 episcopus
725 2059 1034 2111 Olonmcensis,
1067 2059 1210 2098 vendit
1240 2060 1368 2112 Lupo
1401 2059 1523 2099 militi
1554 2059 1700 2098 villam
1737 2056 1984 2100 Sobebficle.

968 2142 1028 2168 cc.
1072 2128 1220 2168 1206.

288 2230 466 2292 Notum
487 2250 540 2289 sit
564 2254 645 2290 tam
670 2250 942 2302 presentibus
969 2262 1089 2303 quam
1111 2248 1276 2304 suturis7
1302 2249 1412 2302 quod
1444 2260 1532 2304 ego
1557 2248 1771 2291 Robertas
1801 2249 1870 2289 dei
1894 2250 2038 2304 gratia

161 2320 443 2359 olomucensis
484 2320 670 2359 ecclesie
714 2320 944 2371 episcopus
991 2320 1130 2360 uillam
1172 2331 1254 2372 que
1305 2319 1457 2358 dicitur
1496 2318 1731 2360 Sohebrulz.
1774 2331 1849 2370 pro
1892 2330 2040 2358 nouem

160 2389 312 2427 marcis
346 2388 466 2439 Lupo
500 2389 667 2427 uendidi
702 2389 960 2429 hereditario
994 2391 1085 2429 iure
1120 2389 1429 2441 possidendam.
1478 2388 1567 2430 Sed
1602 2390 1698 2440 quia
1730 2389 1872 2443 gestis
1906 2388 2038 2427 homi-

160 2470 252 2497 num
285 2459 507 2497 nouercari
543 2459 653 2498 solet
685 2470 916 2509 processus
949 2464 1189 2510 temporum.
1223 2459 1302 2498 nisi
1341 2458 1507 2498 testium
1540 2459 1795 2498 auctoritate
1832 2460 1873 2497 et
1906 2456 2038 2511 sigilli

160 2528 374 2568 munimine
410 2528 673 2567 roborentur.
709 2528 802 2567 ideo
837 2528 1011 2583 dignum
1046 2528 1238 2568 duximus
1279 2530 1523 2580 presentem
1557 2528 1761 2582 paginam
1795 2532 1841 2567 et
1873 2527 2037 2567 testium
