2212 2876
1045 92 1221 152 212⁷-.ss

162 243 300 294 aliqua
334 240 402 280 uel
446 240 487 279 in
528 237 696 290 propria
738 235 958 290 legatione
997 235 1089 274 siue
1129 231 1359 272 {id-sorum.
1400 243 1607 283 nunquam
1647 231 1688 271 in
1727 243 1836 271 nouo
1878 231 1955 271 nisi
1990 231 2032 270 in

161 312 331 363 antiquo
372 308 568 349 theloneo
611 305 760 345 soluat.
823 304 926 343 Item
968 302 1022 342 ad
1064 302 1255 341 iudicium
1297 301 1433 340 nullus
1474 299 1653 344 accedat
1700 301 1779 340 nisi
1819 300 1871 340 de
1912 300 2030 340 domo

161 379 389 420 secundum
426 379 489 417 ius
524 376 651 427 primo
686 375 850 415 citetur.
906 373 1087 423 Insuper
1120 372 1155 410 si
1188 371 1353 410 uillicus
1388 371 1510 424 regis
1543 370 1636 409 sine
1668 369 1820 409 iudicio
1854 369 2033 421 aliquem

161 446 511 503 inpignorauerit.
554 456 634 484 rex
681 454 756 483 suo
801 443 892 481 iure
933 442 1139 495 corrigat.
1180 440 1216 478 si
1258 439 1421 479 uillicus
1465 439 1688 478 camerarii
1728 449 1908 478 marcam
1940 438 2033 477 auri

161 519 311 559 soluat.
359 517 394 556 si
435 515 635 554 dominus.
676 510 883 552 beneficio
931 514 1092 550 careat.
1155 509 1365 549 Preterea
1415 507 1592 547 duellum
1633 506 1742 559 quod
1781 507 1823 545 in
1861 507 2034 561 uulgari

162 587 312 627 dicitur
351 585 434 636 kiy.
476 595 559 623 non
603 582 788 622 habeant
830 580 911 619 nisi
959 579 1011 619 ad
1053 582 1298 618 extraneos.
1360 578 1408 617 In
1448 577 1528 616 hiis
1572 576 1760 616 omnibus
1804 576 2033 627 excipimus

159 655 388 709 priuilegia
421 653 720 706 religiosorum
760 651 940 689 uirorum
981 661 1006 688 a
1039 647 1296 699 principibus
1338 647 1400 685 eis
1425 657 1656 685 concessa.
1699 648 1741 684 et
1773 646 1865 684 iura
1903 644 2033 684 cleri-

163 736 303 764 corum
336 735 426 762 cum
460 721 625 761 dotibus
660 719 937 759 ecclesiarum
971 718 1121 770 quibus
1161 719 1373 770 reguntur
1405 715 1634 755 secundum
1675 715 1740 754 ius
1774 713 2032 753 canonicum.

160 794 228 834 Ad
262 793 384 832 huius
417 792 550 845 igitur
576 789 844 829 institutionis
877 788 1140 826 imitationem
1167 788 1208 825 et
1242 785 1422 824 debitam
1455 784 1683 824 secundum
1711 784 1813 822 iuris
1848 782 2034 822 ordinem

163 862 500 903 obseruationem
533 859 812 913 assurgimus.
848 860 890 895 et
912 867 965 896 ne
998 857 1038 895 in
1073 857 1135 895 eis
1161 866 1242 907 que
1269 855 1505 905 prescripta
1538 856 1646 892 sunt.
1672 852 1838 892 ueritati
1872 850 2033 891 falsitas

161 933 303 972 ualeat
335 930 571 970 nouercari.
615 933 657 967 et
690 939 742 966 ne
782 927 920 977 aliquo
953 926 1177 965 uideantur
1216 923 1412 974 scrupulo
1454 933 1582 974 posse
1625 920 1853 961 obfuscari.
1889 924 2032 960 nostra

162 1014 244 1055 qua
288 1000 487 1040 debemus
529 997 712 1049 potentia
758 996 987 1035 sanximus.
1030 997 1072 1033 et
1118 993 1251 1033 nostri
1297 992 1532 1032 testimonio
1572 991 1705 1045 sigilli
1753 991 1952 1030 munimus
1993 992 2035 1030 et

162 1070 482 1124 priuilegiamus
523 1078 599 1118 per
632 1078 723 1105 eum
764 1065 831 1116 qui
865 1075 943 1103 nos
983 1064 1148 1102 iusticia
1191 1066 1232 1101 et
1269 1064 1449 1100 ueritate
1490 1059 1570 1100 filio
1610 1072 1687 1099 suo
1730 1059 2033 1113 priuilegiauit.

163 1141 312 1180 Actum
345 1139 387 1178 in
419 1138 606 1180 brenna„
633 1136 759 1175 Anno
794 1133 952 1188 gratie.
990 1132 1052 1173 M.
1087 1129 1177 1173 CC.
1209 1131 1375 1172 XXIX.
1408 1130 1537 1170 XVI..
1566 1128 1772 1170 kalendas
1806 1128 1963 1179 aprilis,

474 1228 529 1260 Ex
558 1226 752 1268 offiginali
777 1227 808 1256 in
831 1225 1051 1266 registratura
1080 1233 1108 1254 c.
1130 1233 1156 1254 r.
1183 1221 1349 1253 Gubernii.
1383 1220 1534 1263 Sigillum
1567 1221 1716 1252 avulsum
1747 1218 1968 1251 desideratur.
1993 1237 2035 1242 -

578 1277 748 1310 Excusum
774 1278 877 1309 minus
903 1278 1054 1308 correcte
1078 1276 1109 1306 in
1132 1274 1258 1306 libello:
1284 1274 1386 1306 Jura
1411 1274 1620 1315 primaeva
1647 1271 1878 1303 Moraviae.

1016 1424 1195 1468 CXCV.

165 1527 391 1578 otakarus,
432 1527 503 1578 qui
535 1528 573 1565 et
610 1523 825 1576 Premysl,
858 1523 1063 1563 Boemiue
1095 1533 1191 1571 rem,
1225 1520 1415 1559 homines
1456 1519 1584 1557 villae
1619 1516 1803 1558 Sit-elice
1842 1530 1867 1556 α
1896 1517 2034 1569 juris-

165 1599 346 1638 dictione
379 1595 743 1648 beneficz'm·2‘01·um
777 1593 938 1643 eminuit)
973 1594 1011 1629 et
1039 1589 1222 1641 mcmdat,
1249 1593 1294 1628 ul
1323 1603 1348 1628 a
1362 1588 1515 1641 j‘ude'ce
1540 1587 1760 1626 Brunensi
1772 1586 2035 1639 judicentur.

492 1665 642 1704 Actum
676 1661 792 1714 apud
821 1662 1032 1712 Bramme,
1065 1660 1164 1700 ΧΓ.
1199 1659 1302 1698 Kal.
1336 1658 1516 1710 Aprilis,
1556 1655 1708 1696 1229.

297 1733 556 1795 Ottacarus.
591 1751 659 1802 qui
693 1753 735 1788 et
767 1748 946 1788 Premizl
988 1747 1054 1786 dei
1087 1747 1232 1801 gratia
1272 1756 1353 1784 rex
1396 1732 1642 1783 Boemoru'm
1676 1741 1864 1781 omnibus
1896 1740 2034 1780 bene--

166 1823 334 1863 liciariis
368 1820 612 1860 camerariis
647 1822 688 1858 et
720 1818 812 1857 aliis
847 1816 1092 1856 officialibus
1126 1815 1281 1854 nostris
1315 1815 1355 1853 in
1389 1815 1645 1864 perpetuum.
1708 1809 1961 1850 Mandamus
1995 1813 2036 1849 et

166 1893 244 1932 sub
286 1892 458 1930 obtentu
506 1889 632 1943 regie
684 1891 828 1926 nostre
871 1887 1015 1940 gratie
1062 1884 1183 1924 uobis
1232 1883 1421 1922 districte
1469 1879 1740 1932 precipiendo
1790 1879 2036 1918 inhibemus.

167 1962 360 2014 quatinus
393 1959 582 1998 homines
612 1957 710 1997 ville
737 1955 899 1997 stt-elib.
927 1954 1036 1993 nullo
1066 1953 1184 1993 modo
1210 1953 1306 1992 siue.
1325 1950 1656 2003 pernoctatione.
1681 1950 1772 1988 siue
1798 1948 2036 1988 exactione.

168 2032 259 2069 siue
292 2029 518 2068 vocatione
559 2027 611 2066 ad
646 2025 837 2065 iudicium
880 2023 1110 2064 molestetis
1144 2025 1215 2062 aut
1254 2021 1529 2076 aggrauetis.
1570 2018 1646 2058 sed
1690 2019 1826 2069 potius
1868 2016 2039 2057 eosdem

168 2098 395 2138 secundum
436 2101 625 2136 tenorem
658 2098 894 2134 nostrarum
935 2093 1163 2132 litterarum
1208 2102 1312 2143 quas
1355 2101 1485 2141 super
1518 2088 1597 2127 hoc
1639 2087 1764 2129 iudici
1805 2090 1949 2126 nostro
1983 2086 2035 2125 de

168 2169 342 2208 Brunna
383 2166 569 2205 dedimus
611 2164 865 2216 specialiter.
915 2161 1181 2201 conseruetis
1222 2163 1264 2200 et
1310 2157 1560 2199 defendatis,
1609 2157 1647 2195 in
1689 2167 1769 2208 quo
1810 2155 2036 2209 priuilegio

169 2238 395 2291 signanter
429 2238 494 2273 est
534 2245 784 2286 expressum
818 2236 861 2277 ut
903 2232 1032 2271 solum
1066 2230 1185 2269 modo
1227 2241 1252 2268 a
1285 2228 1435 2267 iudice.
1477 2227 1543 2278 qui
1577 2237 1653 2277 pro
1693 2230 1880 2276 tempore
1913 2222 2038 2264 suerit

169 2307 210 2345 in
245 2305 413 2344 ciuitate
446 2304 686 2343 Brunnensi
712 2302 959 2343 iudicentur.
1011 2300 1058 2340 Si
1093 2300 1184 2351 quis
1219 2303 1352 2337 autem
1379 2301 1523 2335 contra
1559 2295 1668 2334 lianc
1702 2295 2035 2333 constitutionem

169 2375 318 2414 venire
352 2372 617 2423 temptauerit
642 2372 686 2410 X
710 2382 872 2410 marcas
908 2371 945 2409 in
981 2380 1188 2408 valueram
1217 2370 1399 2405 nostram
1427 2368 1730 2415 componat...
1748 2363 1898 2402 Datum
1927 2360 2035 2412 apud

170 2445 380 2485 Bruuuam
416 2453 524 2480 anuo
559 2441 701 2494 gratie
734 2440 795 2479 Μ.
829 2436 919 2479 CC.
954 2438 1120 2478 XXIX.
1153 2436 1254 2477 XV.
1287 2434 1506 2475 Kalendas
1539 2433 1712 2483 Aprilis.

481 2532 511 2564 E
536 2530 651 2564 codice
678 2530 1042 2562 'l'ischuowicvnsi
1068 2528 1139 2560 Ms.
