2212 2876
143 244 394 285 auctoritate
444 242 571 297 regia
620 239 872 291 precipimus
922 237 1185 277 conseruari.
1249 236 1352 276 Item
1400 246 1544 275 omnes
1594 235 1742 287 culpas
1794 234 2022 275 secundum

144 314 254 366 quod
287 314 494 353 hactenus
536 312 644 350 inter
677 319 725 348 se
759 312 802 348 et
843 307 953 359 apud
987 308 1104 358 ipsos
1138 306 1375 345 iudicarunt
1414 303 1548 344 fratre
1581 309 1726 344 nostro
1760 305 2022 345 concedente

143 383 411 424 concedimus
444 381 548 432 ipsis
588 377 818 418 secundum
850 388 951 417 suas
992 375 1323 416 consuetudines
1363 374 1565 414 iudicare.
1599 375 1680 414 nisi
1712 372 1838 414 suerit
1869 375 2023 429 grauis

144 457 187 492 et
219 463 377 506 magna
410 450 533 500 culpa
568 459 648 500 que
682 458 822 486 coram
856 446 977 485 nobis
1011 448 1083 485 aut
1115 445 1271 484 nostris
1304 445 1450 483 merito
1484 443 1639 483 debeat
1670 443 1878 483 uentilari.
1921 444 2022 484 Item

143 523 185 561 in
226 532 382 560 summa
421 520 527 558 idem
567 519 632 557 ius
674 516 1020 570 Meidburgense
1054 518 1097 553 et
1138 514 1311 553 easdem
1345 513 1688 553 consuetudines.
1730 524 1835 564 quas
1868 513 2026 553 habent

142 592 261 630 ciues
301 589 434 629 nostri
473 588 526 627 de
566 585 806 626 sroudental
845 585 1004 625 eisdem
1045 582 1377 624 misericorditer
1417 582 1607 622 uolumvs
1650 582 1892 636 indulgere.
1956 582 2023 622 Ad

143 659 224 699 hec
257 658 552 698 uillicationem
593 667 670 695 seu
705 655 968 694 aduocatiam
1009 665 1130 706 quam
1162 651 1353 704 prefatus
1392 650 1526 691 frater
1568 655 1715 691 noster
1754 651 2025 692 Theoderico

144 729 351 768 aduocato
386 730 429 766 et
462 726 554 765 eius
586 725 820 764 heredibus
854 723 1123 778 dignoscitur
1156 722 1401 762 contulisse.
1445 722 1524 773 ipsi
1557 721 1828 761 Theoderico
1863 724 1905 761 et
1937 721 2025 761 suis

145 798 375 838 heredibus
422 797 532 835 sicut
572 795 727 834 collata
776 797 842 833 est
884 795 924 832 in
970 803 1079 844 pace
1120 793 1307 842 cupimus
1359 791 1596 842 possidere.
1661 791 1721 830 Vt
1768 794 1905 830 autem
1945 790 2027 830 hec

145 868 368 907 concessio
410 868 556 906 nostra
604 864 769 904 stabilis
817 863 1035 902 habeatur.
1077 866 1119 901 et
1167 864 1271 900 rata.
1314 861 1509 912 presenti
1555 861 1718 915 pagina
1767 860 1944 900 eandem
1985 863 2027 900 et

145 937 380 992 sigillorum
426 938 663 976 nostrorum
705 933 925 972 munimine
974 932 1234 971 roboramus.
1276 934 1487 985 rogantes
1535 929 1821 970 uenerabilem
1867 933 2026 981 patrem

148 1007 405 1046 Ruobertum
454 1005 775 1045 olomucensem
824 1003 1066 1054 episcopum
1116 1002 1183 1052 qui
1227 1005 1269 1039 et
1308 1011 1488 1051 presens
1531 998 1606 1039 fuit
1645 1004 1690 1039 ut
1731 999 1782 1039 ad
1832 1000 2027 1039 maiorem

146 1075 267 1116 huius
301 1074 595 1114 concessionis
628 1070 859 1112 firmitatem
892 1084 1009 1110 suum
1043 1070 1227 1124 sigillum
1262 1073 1509 1121 apponeret.
1544 1069 1655 1121 quod
1689 1072 1731 1109 et
1762 1067 1875 1108 fecit.
1915 1070 2027 1109 Acta

145 1152 242 1201 sunt
281 1145 362 1184 hec
402 1144 687 1194 sollempniter
727 1142 768 1180 in
808 1142 996 1180 Brunna.
1037 1141 1162 1179 Anno
1203 1139 1408 1178 dominice
1445 1139 1748 1178 incarnationis
1788 1138 2026 1178 Millesimo.

147 1212 237 1255 CC.
271 1214 436 1254 XXIII.
470 1212 717 1252 Indictione.
742 1211 819 1251 XI.
853 1221 930 1262 per
962 1221 1122 1249 manum
1151 1209 1382 1263 wigberti
1410 1209 1561 1249 notarii
1586 1209 1730 1248 nostri.
1757 1208 2026 1260 presentibus

147 1284 282 1324 multis
316 1283 495 1323 testibus
536 1293 708 1334 quorum
741 1281 905 1320 nomina
938 1283 1036 1318 sunt
1069 1279 1169 1317 hec:
1211 1278 1415 1317 Zdizlaus
1457 1279 1699 1329 prepositus
1740 1278 1877 1317 sancti
1909 1277 2028 1316 Petri

148 1354 190 1393 in
223 1354 413 1393 Brvnna.
448 1349 677 1392 Conradus
717 1350 861 1390 scriba
894 1350 934 1388 in
981 1350 1171 1388 Brvnna.
1205 1348 1451 1399 Stephanus
1494 1347 1546 1386 de
1586 1346 1778 1386 medlow.
1812 1348 2027 1387 Hem-icus

148 1421 253 1463 filius
287 1422 468 1462 victonis
493 1424 535 1461 et
566 1419 698 1460 frater
732 1421 823 1459 eius
851 1419 977 1458 Victo
1012 1418 1162 1457 iunior.
1191 1417 1329 1457 Dinis.
1353 1416 1626 1457 Zuatozlaus.
1652 1417 1826 1456 Holasc.
1861 1414 2027 1457 Coiata.

147 1491 399 1532 Zemislaus.
433 1490 654 1531 castellani
690 1488 1009 1530 Olomucenses.
1042 1488 1266 1527 Bawarus.
1309 1487 1567 1526 camerarius
1602 1485 1906 1526 olomucensis.
1939 1486 2030 1526 Za-

147 1562 279 1601 uisse.
312 1561 474 1601 Ztibor.
499 1560 566 1599 W
570 1559 647 1599 elis
682 1558 811 1598 iudex
845 1557 1137 1598 olomucensis.
1171 1556 1356 1609 Zpitata.
1389 1555 1545 1596 Petrus
1569 1555 1621 1595 de
1648 1555 1790 1595 Loziz.
1825 1559 1866 1595 et
1898 1554 2031 1596 frater

149 1632 241 1671 eius
273 1631 488 1671 Nicolaus.

461 1721 516 1753 Ex
551 1720 748 1762 originali
786 1721 817 1751 in
848 1720 941 1750 curia
971 1718 1121 1760 ejusdem
1159 1720 1302 1751 civitatis
1332 1728 1403 1750 cnm
1436 1716 1563 1749 duobus
1598 1717 1715 1758 sigillis
1753 1716 1835 1748 bene
1866 1718 2027 1757 servatis3

566 1782 701 1814 quorum
738 1773 872 1812 primum
909 1774 961 1802 est
990 1774 1145 1813 equestre
1181 1781 1251 1802 cum
1288 1771 1407 1812 insigni
1444 1771 1475 1801 in
1513 1772 1607 1801 scuto
1642 1769 1778 1800 leonis
1814 1768 2029 1800 bicaudati

566 1834 637 1855 cum
673 1825 998 1864 circumscriptione:
1045 1821 1101 1867 „†
1135 1823 1339 1854 Premizel
1375 1821 1439 1853 dei
1469 1823 1615 1864 gracia
1657 1831 1729 1852 rex
1760 1821 1951 1852 Bohemie
1988 1825 2029 1852 et

567 1875 794 1916 moravie;”
819 1875 954 1907 alterum
981 1878 1032 1907 est
1056 1876 1198 1917 sigillum
1223 1875 1405 1917 Roberti,
1430 1875 1580 1916 episcopi
1603 1872 1902 1905 Olomucensis.

989 2052 1191 2094 CXLVI.

154 2159 415 2209 Constantia,
449 2160 598 2209 reqe'mr
633 2159 893 2198 Boemorum
933 2160 971 2197 et
1002 2157 1176 2197 ducissa
1210 2158 1507 2207 Moranormn,
1542 2156 1707 2208 confert
1739 2155 1895 2194 civitati
1928 2166 2031 2193 snae

198 2228 385 2267 Bisencc
417 2229 563 2266 vineas
597 2240 699 2267 sua-s·
732 2227 896 2267 ibidem.
963 2228 1035 2267 Dc.
1070 2228 1114 2266 in
1146 2225 1351 2278 Hodonjn
1386 2224 1605 2276 [dee'ny]
1637 2236 1779 2264 mense
1811 2224 1986 2273 Martio.

1025 2295 1177 2335 1223.

288 2367 608 2439 C[onstantia]
645 2387 711 2430 dei
745 2388 897 2441 gracia
938 2387 1095 2440 regina
1129 2385 1416 2426 Bolmmomm
1457 2389 1494 2424 et
1525 2385 1698 2424 ducissa
1731 2385 2028 2424 Mormwrnm.

156 2458 304 2497 Notum
339 2455 513 2496 facimus
549 2449 761 2495 vniucrsis
794 2460 875 2495 tam
902 2456 1170 2507 presentibus
1205 2467 1326 2507 quam
1350 2453 1511 2494 suturis.
1547 2453 1654 2506 quod
1682 2453 1880 2493 volentes
1914 2453 2031 2492 ciues

158 2531 325 2566 nostros
359 2526 536 2566 dilectos
578 2526 629 2565 de
662 2526 854 2577 Bysz'nzc
893 2526 932 2564 in
966 2526 1184 2577 prouincia
1227 2525 1559 2564 Brecizlauensi.
1594 2535 1715 2577 quam
1754 2535 1778 2562 a
1812 2522 2033 2562 carissimo
