2212 2876
1005 141 1110 183 35⁷

130 289 195 328 ius
242 290 490 339 patronatus
539 286 725 327 eiusdem
774 285 959 326 ecclesie
999 284 1210 325 Primetiz.
1259 282 1369 336 quod
1410 281 1462 322 de
1503 281 1726 321 collatione
1766 278 1995 320 recolende

130 358 324 397 memorie
365 357 501 408 patrui
549 357 681 396 nostri
727 355 977 395 wladizlai.
1027 358 1069 394 et
1114 351 1258 393 fratris
1297 353 1430 406 nostri
1467 351 1660 391 Premilz.
1699 349 1994 390 Mal-chionum

129 426 339 466 Morauie.
374 438 464 465 cum
499 426 686 465 omnibus
719 425 806 464 suis
840 412 1090 476 appenditiis
1113 423 1330 474 hucusque
1364 406 1539 472 pacifice
1564 419 1753 472 possedit
1787 421 1828 458 et
1852 419 2011 470 quieter

132 497 326 547 quatinus
368 495 555 534 subsidio
597 507 622 534 a
661 495 782 534 nobis
824 495 1009 545 impenso
1049 496 1131 532 tam
1169 492 1359 531 hilariter
1399 501 1519 542 quam
1563 489 1743 528 libenter
1783 487 1995 538 prenomi-

132 566 231 602 nata
264 565 397 614 possit
437 564 635 603 Ecclesia
675 564 848 602 liberius
890 562 967 602 sub
1009 561 1259 616 grauaniine
1299 560 1527 610 respirare.
1572 562 1613 598 et
1652 556 1807 597 fratres
1847 555 1999 594 ibidem

132 631 291 671 domino
325 633 544 672 militantes
578 633 749 672 uberius
782 633 1024 671 sustentari.
1066 631 1122 672 Ut
1154 633 1291 669 autem
1324 629 1403 668 hec
1439 630 1584 667 nostra
1618 626 1785 666 donatio
1820 628 1862 664 et
1894 635 1998 663 con-

133 699 320 740 firmatio.
350 713 476 755 qvam
509 700 737 741 affectuose
771 713 821 740 ac
856 701 1009 740 devote
1041 701 1082 739 in
1116 700 1206 751 pios
1238 710 1341 737 usus
1375 701 1417 736 et
1449 697 1581 736 iustas
1614 707 1768 735 causas
1809 693 2000 733 duximus

133 770 477 810 convertendam,
510 774 604 810 rata
639 774 680 810 et
712 770 909 810 inuiolata
944 772 1147 820 perpetuo
1180 772 1365 819 tempore
1392 769 1654 818 perseueret.
1682 764 1734 804 ad
1764 762 2002 803 euitandum

134 845 176 879 et
221 840 500 879 resecandum
547 841 673 879 totius
715 839 1001 893 ambiguitatis
1051 838 1310 888 plantarium.
1359 834 1689 886 obuiandumque
1731 833 1881 872 malitie
1924 842 2002 870 seu

132 908 377 962 ignorantie
410 908 626 948 hominum.
660 912 898 959 presentem
932 910 1076 946 nostre
1111 906 1346 945 donationis
1381 907 1423 944 et
1455 902 1778 943 confirmationis
1802 902 2002 955 paginam

134 977 265 1031 sigilli
299 980 430 1017 nostri
462 979 680 1017 munimine
714 976 886 1017 fecimus
920 975 1131 1030 insigniri.
1165 975 1476 1025 subscriptione
1510 972 1796 1013 nichilominus
1836 970 2002 1010 testium

136 1046 335 1086 adhibita.
370 1058 542 1100 qvorum
575 1048 739 1087 nomina
772 1047 813 1085 in
845 1046 1122 1097 sequentibus
1155 1043 1332 1084 fideliter
1364 1046 1461 1082 sunt
1499 1042 1722 1091 asscripta.
1785 1040 2004 1093 Magister

138 1108 371 1168 phylippus.
422 1116 571 1155 domini
620 1128 727 1167 pape
770 1116 955 1170 legatus.
1029 1115 1249 1167 Magister
1288 1113 1569 1152 Hermannus.
1609 1110 1795 1150 minister
1834 1106 2005 1147 fratrum

137 1186 332 1224 minorum
367 1186 407 1223 in
439 1185 641 1236 Znoyem.
676 1185 859 1236 premilz.
894 1184 1136 1234 capellanus
1170 1186 1318 1221 sancte
1351 1181 1570 1220 Katerine.
1629 1178 1724 1218 Otto
1759 1177 2004 1227 capellanus

136 1254 292 1308 Regis.
326 1254 488 1305 Helyas
522 1255 793 1305 cappellanus
827 1254 1092 1293 Mareliionis
1117 1251 1326 1292 Morauie.
1362 1249 1598 1291 Cunradus.
1632 1247 1773 1286 scriba
1808 1247 2005 1285 Brunen-

76 1353 78 1355 -
111 1320 211 1363 sis.
255 1323 475 1378 Magister
514 1324 729 1374 Hylai-ius.
778 1323 949 1363 Bozcho
990 1322 1246 1361 castellanus
1286 1319 1550 1360 Znohemsis.
1596 1318 1707 1356 Ruto
1749 1314 2006 1355 camerarius

137 1393 390 1433 Znohemsis
431 1396 473 1433 et
512 1393 795 1432 Betowensis.
836 1392 1005 1432 XVirso.
1046 1391 1243 1441 Prostey.
1283 1389 1442 1440 Lupus.
1490 1386 1748 1427 XVilhelmus
1788 1385 2006 1435 pincerna.

139 1462 398 1502 castellanus
431 1462 472 1501 in
505 1462 650 1502 XVren
686 1466 727 1502 et
758 1461 891 1502 frater
924 1463 1016 1501 eius
1037 1458 1315 1499 XVolsramus.
1348 1456 1614 1497 Branizlaus.
1648 1454 1875 1494 Henricus.
1900 1451 2007 1491 filius

139 1531 358 1570 Pribrami.
392 1531 570 1582 Ilostoy.
604 1530 876 1582 sthephanus
909 1530 1131 1584 Ungarus.
1170 1527 1455 1579 Sthephanus.
1489 1525 1671 1566 Juuenis
1706 1523 1758 1563 de
1788 1522 2007 1563 Metlowe.

138 1600 381 1650 Heynricus
415 1597 519 1639 filius
552 1600 687 1640 Pavli.
720 1600 896 1640 XVocko
931 1600 982 1639 de
1017 1600 1244 1638 Benesow.
1278 1595 1495 1636 nachrade
1529 1598 1570 1634 et
1603 1594 1671 1633 alii
1703 1604 1823 1645 qvam
1852 1592 2008 1642 plures.

140 1669 251 1709 Acta
285 1671 382 1707 sunt
414 1672 549 1709 autem
590 1670 631 1708 in
664 1672 803 1709 castro
843 1669 924 1708 hec
958 1667 1243 1719 Znoyemensi
1285 1667 1327 1705 in
1366 1665 1433 1704 die
1472 1664 1688 1704 beatorum
1727 1660 2010 1712 apostolorum

141 1738 251 1790 petri
286 1741 328 1777 et
358 1738 483 1789 pauli.
517 1738 641 1778 Anno
670 1739 820 1778 domini
847 1738 909 1778 Μ.
935 1736 1026 1778 CC.
1054 1736 1198 1777 XXX.
1222 1736 1299 1775 lx.
1333 1733 1565 1773 Indictione
1588 1732 1687 1773 Xll.
1721 1731 1884 1782 Epacta
1908 1728 2007 1768 XII.

143 1804 437 1848 Concurrente
469 1807 525 1847 V.
589 1808 742 1848 Datum
775 1819 852 1859 per
883 1818 1029 1847 manus
1070 1805 1265 1860 magistri
1304 1803 1538 1844 wilhelmi.
1579 1802 1723 1856 Regis
1762 1800 2011 1839 Boemorum

144 1877 429 1928 protonotarii.

454 1976 510 2008 Ex
533 1977 725 2019 originali
748 1978 778 2008 in
803 1976 938 2009 archivo
964 1974 1114 2018 ejusdem
1136 1974 1340 2015 monasterii3
1364 1973 1450 2015 sign.
1473 1970 1512 2003 F.
1530 1967 1564 2002 6.

923 2129 1205 2185 “ΟΟΟνΠ[

148 2238 372 2290 Robertus,
412 2240 636 2292 episeopus
678 2210 985 2291 olomucensi-97
1025 2237 1279 2277 monasterio
1327 2233 1622 2275 Oslowanenst
1650 2232 1730 2284 jus
1767 2231 2014 2283 patronatus

147 2308 323 2347 ecclesie
354 2312 398 2350 in
422 2308 647 2349 Miroslaw
674 2309 904 2361 (illysla'ce)
938 2320 1032 2347 cum
1065 2307 1238 2346 decimis
1265 2304 1495 2357 confirmat.
1542 2303 1616 2341 Dc.
1649 2302 1692 2340 in
1716 2298 2013 2348 Zabrdowice,

640 2379 764 2419 VIII.
798 2377 1023 2419 Kalendas
1065 2373 1337 2428 Septembris,
1378 2371 1529 2412 1239.

279 2468 572 2544 R[obertus]
606 2490 672 2530 dei
706 2490 860 2544 gracia
894 2488 1184 2530 olomucensis
1216 2486 1458 2537 Episcopus
1480 2482 1693 2523 vniuersis
1722 2478 1881 2520 Christi
1911 2477 2015 2518 fide-

149 2565 258 2606 libus
301 2564 411 2604 hanc
455 2563 655 2616 paginam
697 2559 951 2611 inspecturis
993 2557 1166 2597 salutem
1207 2556 1247 2595 in
1288 2554 1464 2594 domino.
1535 2552 1713 2592 Nouerit
1756 2548 2017 2589 vniuersitas
