2212 2876
1056 89 1154 130 172

167 243 209 279 et
242 237 446 290 emendet7
483 238 526 275 vt
551 234 685 286 discat
717 233 888 284 sapiens
914 242 1013 271 esse
1046 232 1086 270 in
1111 242 1236 284 pena,
1271 229 1340 282 qui
1366 228 1517 269 stultus
1549 227 1625 269 fuit
1646 230 1689 270 in
1721 231 1855 282 culpa.
1903 231 1960 270 Et
1990 234 2037 271 vt

165 307 247 348 hec
281 310 373 346 rata
406 307 602 345 maneant
635 306 676 342 et
707 305 929 354 perpetua7
963 300 1198 353 sigillorum
1231 302 1466 338 nostrorum
1499 300 1775 350 impressione
1808 301 2035 340 communi-

164 377 312 417 uimus.
357 376 468 414 Aeta
502 376 598 412 sunt
629 372 710 410 hec
744 383 854 409 anno
888 370 940 408 ab
974 369 1274 408 incarnacione
1309 367 1459 407 domini
1491 368 1715 408 Millesimo
1749 368 2034 408 ducentesimo

164 445 377 499 vigesimo
418 443 461 481 V
464 443 497 481 Ι.
530 442 572 480 in
611 440 865 480 monasterio
898 438 1032 492 Luca,
1074 439 1117 477 in
1149 438 1303 491 vigilia
1342 448 1377 476 s.
1409 437 1579 491 Jacobi0
1620 448 1729 476 anno
1770 436 2034 488 pontificatus

167 514 316 554 domini
347 511 526 552 Honorii
557 509 636 568 XI.

477 610 506 642 E
530 608 796 641 victimatione
819 608 860 639 ab
884 616 967 639 anno
995 604 1110 638 1410.
1136 604 1286 648 ejusdem
1309 605 1509 637 monasterii.

974 782 1221 826 CLXVIII.

167 883 394 935 otakarus,
443 883 514 934 qui
553 885 592 921 et
630 877 845 932 Premysss
896 880 1156 920 Boemorum
1201 890 1299 929 rese,
1341 877 1509 930 confert
1550 877 1805 916 monasterio
1847 877 2036 917 [incensi

163 965 245 1007 pro
282 952 419 1006 fando
453 950 726 1005 77(,*ulcl202v³⁷7
760 962 878 1001 quem
919 960 1054 987 norae
1094 948 1251 987 civitati
1292 948 1460 998 Znoym
1511 945 1819 985 construendae
1858 946 2033 997 addidit,

165 1023 387 1062 ecclesiam
427 1022 472 1060 in
511 1011 800 1070 Prosmbitce,
842 1030 972 1069 «tyros
1012 1018 1056 1056 in
1098 1016 1324 1057 Zadowcm
1364 1019 1403 1055 el
1440 1015 1626 1054 decimas
1658 1016 1876 1054 vinearum
1899 1015 2036 1067 jux-la

392 1091 577 1141 Znoym.
639 1088 792 1128 Actum
824 1088 867 1126 in
900 1087 1071 1138 Znoym
1103 1084 1236 1125 XIII.
1270 1084 1373 1124 Kal.
1409 1083 1617 1136 Octobris,
1658 1084 1810 1123 1226.

292 1183 353 1243 In
392 1201 555 1240 nomine
595 1202 744 1239 sancte
786 1201 827 1238 et
871 1197 1082 1237 indiuidue
1121 1197 1331 1236 trinitatis.
1396 1196 1623 1235 Ottacarus
1664 1196 1732 1247 qui
1773 1198 1815 1234 et
1855 1194 2034 1234 Premizl

165 1271 233 1312 dei
280 1271 434 1326 gracia
482 1269 716 1308 boemorum
770 1279 860 1306 rex.
924 1267 991 1306 Ne
1032 1266 1071 1305 id
1119 1266 1229 1317 quod
1271 1278 1297 1305 a
1345 1265 1466 1304 nobis
1515 1265 1582 1316 pie
1636 1264 1868 1315 disponitur
1908 1267 2034 1315 atque

163 1340 479 1381 racionabiiiter
520 1337 749 1392 ordinatur.
785 1340 826 1376 et
858 1337 1033 1375 maxime
1074 1335 1190 1374 circa
1222 1335 1316 1374 loca
1356 1334 1578 1387 religiosa.
1619 1332 1865 1384 dominoque
1901 1331 2034 1372 samu-

165 1410 304 1450 lancia
331 1409 537 1448 humiliter
559 1404 612 1446 ‘et
637 1407 801 1445 deuote.
836 1406 969 1456 possit
994 1416 1071 1455 per
1104 1414 1347 1455 quemquam
1371 1403 1575 1442 hominum
1597 1413 1804 1454 processu
1837 1402 2034 1452 temporis

164 1479 378 1518 immutari.
420 1477 497 1516 sed
537 1479 742 1527 perpetuo
784 1475 936 1513 stabile
978 1476 1225 1524 permaneat
1273 1476 1398 1523 atque
1439 1470 1605 1511 firmum.
1668 1470 1818 1509 Notum
1859 1469 2034 1509 facimus

162 1548 373 1588 uniuersis
398 1551 479 1586 tam
505 1545 775 1597 presentibus
810 1555 929 1595 quam
952 1541 1115 1582 suturis.
1144 1541 1252 1593 quod
1286 1553 1377 1580 cum
1401 1552 1479 1580 nos
1511 1540 1713 1580 uellemus
1746 1541 1841 1578 (inte
1864 1541 2035 1590 Znoym

164 1619 372 1658 ciuitatem
406 1617 661 1654 construere.
701 1614 745 1652 in
777 1614 994 1665 ipsamque
1033 1611 1222 1651 homines
1256 1621 1506 1649 conuocare.
1547 1612 1589 1648 et
1628 1609 1723 1661 quia
1756 1612 1900 1647 nostra
1934 1620 2034 1659 pro-

163 1688 254 1739 pria
294 1697 396 1725 area
437 1684 588 1723 ibidem
630 1683 710 1722 sita
757 1682 808 1720 ad
851 1683 981 1732 ipsam
1021 1680 1346 1720 construendam
1387 1679 1510 1718 nobis
1550 1690 1631 1717 non
1672 1681 1765 1719 erat
1805 1676 2032 1717 sufficiens.

163 1755 330 1796 fundum
364 1753 567 1806 quendam
601 1751 777 1791 culclzov
802 1752 966 1790 nomine
999 1761 1089 1788 cum
1123 1749 1310 1788 omnibus
1344 1749 1433 1787 suis
1466 1747 1718 1787 attinenciis.
1752 1748 1876 1800 agris
1909 1746 2034 1786 viden

164 1826 263 1865 licet
296 1827 422 1875 atque
455 1822 621 1861 teloneo
664 1820 771 1873 quod
807 1820 956 1859 ibidem
997 1818 1311 1870 percipiebatur
1343 1817 1396 1856 ad
1430 1816 1650 1855 cenobium
1689 1816 1865 1854 lucense
1899 1816 2034 1866 perti-

165 1897 344 1934 nentem.
393 1894 575 1942 excepto
624 1890 714 1929 solo
763 1888 938 1940 quodam
986 1888 1080 1926 vico
1127 1887 1243 1925 circa
1292 1886 1516 1925 ecclesiam
1567 1884 1703 1923 sancti
1745 1884 1904 1935 nicolaj
1953 1885 2032 1923 sito

177 1962 369 2014 [qezclcz
401 1961 565 2000 nomine
599 1959 707 1999 dicto
742 1959 808 2010 qui
842 1957 1085 2008 specialiter
1127 1955 1313 1995 eiusdem
1347 1955 1531 1994 ecclesie
1565 1953 1641 1992 dos
1675 1964 1841 2003 semper
1874 1953 2034 1992 exstitit

167 2043 257 2071 cum
283 2031 410 2070 curiis
437 2029 631 2083 magistri
657 2028 786 2068 Petri.
811 2027 1002 2066 Heinrici
1033 2025 1261 2080 sagittarii.
1291 2024 1330 2062 V
1336 2024 1427 2063 lrici
1451 2023 1679 2076 sagittarii.
1712 2025 1754 2061 et
1782 2022 1874 2060 aliis
1899 2021 2033 2061 eidem

166 2101 362 2141 Ecclesie
388 2110 518 2150 prope
543 2097 846 2137 adiacentibus.
873 2095 1062 2146 predicte
1094 2093 1249 2133 ciuitati
1277 2096 1319 2132 et
1341 2093 1429 2132 suis
1455 2091 1762 2131 habitatoribus
1787 2091 2031 2130 addidimus.

166 2168 339 2211 Presato
372 2168 560 2207 Lucensi
583 2167 761 2207 cenobio
795 2167 887 2205 loco
914 2166 991 2204 iam
1025 2164 1121 2203 dicti
1155 2161 1269 2202 fundi
1294 2165 1337 2201 et
1369 2161 1541 2201 omnium
1567 2172 1733 2200 suorum
1767 2161 2034 2199 attinencium

168 2239 391 2279 ecclesiam
425 2238 465 2276 in
496 2237 755 2289 prozimeriz
789 2247 879 2274 cum
911 2246 988 2273 sua
1023 2233 1117 2272 dote
1152 2235 1277 2283 atque
1310 2232 1401 2271 iure
1434 2234 1680 2281 patronatus
1715 2231 1754 2268 in
1789 2232 2032 2280 perpetuum

168 2308 411 2348 contulimus
465 2309 507 2345 et
557 2305 800 2345 donauimus
850 2301 1025 2355 pacifice
1075 2300 1384 2353 possidendam.
1448 2300 1629 2350 Insuper
1676 2298 1809 2338 eidem
1855 2297 2031 2337 cenobio

168 2377 399 2417 addidimus
439 2387 576 2429 agros
619 2374 672 2413 ad
706 2377 889 2413 nostrum
933 2375 1115 2411 aratrum
1149 2374 1191 2410 et
1223 2370 1275 2409 ad
1309 2373 1477 2408 nostros
1517 2369 1699 2407 rusticos
1732 2368 1773 2406 in
1806 2366 2032 2407 Zadowcm

168 2446 206 2485 id
256 2448 321 2485 est
369 2444 576 2496 pomeriis.
623 2443 899 2494 pertinentes.
963 2442 1054 2480 lloc
1104 2441 1226 2479 etiam
1273 2439 1503 2478 statuimus.
1552 2436 1661 2489 quod
1710 2448 1799 2475 cum
1846 2435 2030 2486 plantate

171 2517 292 2556 uinee
339 2515 381 2554 in
430 2514 553 2568 agris
601 2523 705 2565 quos
761 2514 980 2564 prenotate
1029 2509 1187 2549 ciuitati
1234 2511 1379 2548 nostre
1427 2506 1657 2546 addidimus
1706 2516 1795 2545 cum
1843 2502 2031 2543 Lucensi
