2212 2876
1033 112 1140 154 257

943 288 1212 345 ccxxxv.

148 420 408 471 Constantia,
441 422 591 473 regina
625 419 840 472 Boetiiz'cie,
875 421 1095 460 circuitum
1129 421 1298 472 quow
1329 421 1576 460 monasterii
1609 415 1891 465 Gradieensz'a
1923 434 2019 462 cum

147 489 337 530 omnibus
370 491 461 530 suis
481 489 823 542 μοεεεεεὶοηίὸηε
857 490 898 529 in
924 502 1043 529 suam
1074 491 1370 542 proleclz’onem
1395 491 1572 542 recipi&
1591 489 1805 544 eidemque
1832 491 2018 543 ‘amplis-

468 561 599 599 simus
632 558 840 599 libertates
874 559 1075 598 coneedit.
1142 559 1212 598 Dt.
1246 560 1289 598 in
1325 555 1510 610 wis-now,
1550 558 1703 599 1233.
1752 606 1756 612 Ι

277 652 335 713 In
372 672 535 711 nomine
558 675 707 710 sancte
741 675 782 710 et
816 671 1026 710 indiuidue
1050 671 1260 710 trinitatis.
1293 671 1441 709 Amen.
1491 668 1755 725 Constantia,
1789 671 1872 725 Dei
1905 682 2016 726 gra-

146 743 211 781 cia
245 743 491 782 Boemorum
526 741 695 794 regina,
729 741 982 779 monasterio
1025 739 1294 790 Grada-ensi,
1328 739 1735 779 Premonstratensis
1770 726 1942 794 ordinis,
1977 745 2020 780 et

145 811 344 851 ministris
378 810 445 848 dei
478 809 533 848 ibi
568 809 827 863 degentibus
862 807 1193 859 inperpetuum.
1246 806 1348 848 Cum
1384 808 1578 861 regalem
1612 808 1763 848 deceat
1795 809 2018 849 excellen-

145 881 253 931 tiam,
294 879 492 918 uenerari
536 882 577 918 et
616 889 864 929 promouere
906 879 944 916 in
980 878 1168 916 omnibus
1209 880 1398 916 sanctam
1434 878 1674 931 ecclesiam,
1709 881 1852 917 nostre
1885 879 2019 918 uisum

144 946 218 988 suit
243 948 477 1001 clementie,
503 947 542 986 id
571 947 718 985 imitari
748 951 789 985 et
807 947 976 999 exequi,
1002 947 1109 997 quod
1130 950 1274 985 nostre
1301 946 1521 985 serenitati
1549 946 1723 986 cederet
1741 946 1794 986 ad
1819 948 2017 1001 meritum,

145 1022 187 1058 et
219 1022 367 1057 sancte
401 1017 543 1056 matris
578 1016 763 1055 ecclesie
797 1017 997 1054 transiret
1030 1015 1082 1054 ad
1117 1020 1372 1066 prouectum.
1420 1015 1484 1054 Ibi
1518 1016 1639 1055 etiam
1674 1019 1792 1055 recte
1825 1016 2017 1056 locantur

144 1085 366 1139 beneficia,
414 1085 482 1125 ubi
524 1090 724 1124 crescunt
772 1087 932 1137 merita,
974 1085 1028 1123 ibi
1077 1084 1280 1124 decenter
1325 1085 1469 1138 gratia.
1522 1085 1764 1138 impertitur,
1806 1085 1877 1124 ubi
1926 1097 2018 1126 cum

142 1156 313 1208 premiis
347 1154 578 1194 cumulatur
611 1154 765 1209 gloria.
810 1154 1018 1194 Nouerint
1041 1155 1181 1205 itaque
1215 1157 1294 1192 tam
1321 1157 1547 1205 presentes
1582 1164 1702 1206 quam
1735 1152 1874 1208 futuri,
1908 1154 2019 1206 quod

143 1236 221 1265 nos
261 1236 317 1264 ex
356 1235 571 1263 consensu
612 1222 678 1262 filii
721 1223 851 1262 nostri
893 1223 1165 1276 U'enceslai,
1208 1223 1379 1262 illustris
1420 1223 1554 1274 quarti
1597 1224 1722 1277 regis
1756 1224 2017 1279 Boemorum,

143 1295 358 1334 circuitum
399 1294 560 1332 nomine
595 1294 752 1343 Ki‘qow
793 1304 883 1332 cuin
917 1293 1104 1332 omnibus
1145 1293 1233 1331 suis
1267 1291 1611 1343 possessionibus
1652 1293 1744 1331 siue
1784 1294 2017 1347 acquisitis,

143 1364 236 1403 siue
269 1362 554 1415 acquirendis,
594 1366 636 1401 et
668 1374 692 1400 a
726 1366 870 1401 nostra
912 1362 1179 1416 benignitate
1212 1372 1292 1400 nec
1335 1373 1416 1400 non
1450 1372 1748 1400 successorum
1782 1366 2018 1402 nostrorum

142 1433 347 1486 largitate
390 1431 523 1471 eidem
574 1431 666 1470 loco
708 1431 747 1470 in
798 1432 1013 1482 prouincia
1056 1431 1374 1480 Brezlam'ensi,
1425 1430 1476 1469 ad
1519 1441 1597 1469 nos
1643 1431 1895 1485 pertinente,
1934 1433 2015 1471 sito

143 1501 342 1552 impensis
384 1501 422 1539 in
457 1504 642 1540 nostram
682 1500 847 1539 tutelam
891 1504 933 1539 et
965 1501 1282 1553 protectionem,
1315 1500 1423 1539 sicut
1463 1500 1607 1539 merito
1641 1499 1855 1554 debemus,
1888 1511 2018 1539 rece-

143 1570 276 1623 pisse,
323 1570 527 1623 istasque,
568 1580 649 1620 que
696 1569 934 1620 subscripte
982 1573 1078 1608 sunt
1117 1569 1352 1623 libertates,
1400 1580 1475 1620 pro
1523 1569 1660 1608 salute
1709 1569 1842 1608 anime
1883 1570 2018 1609 mariti

145 1639 275 1679 nostri
310 1638 512 1691 Ottacari,
537 1638 693 1688 inclyte
726 1639 922 1677 memorie
946 1639 1070 1693 regis
1103 1639 1363 1692 Boemorum,
1389 1637 1524 1677 acob
1558 1639 1838 1677 reuerentiam
1872 1638 2016 1678 domus

147 1707 442 1761 Gradicensis,
471 1708 590 1747 cuius
617 1707 728 1747 bona
753 1712 862 1762 sunt,
889 1719 979 1747 cum
1009 1706 1160 1747 affectu
1190 1711 1334 1747 nostre
1358 1709 1501 1761 gratie
1531 1707 1773 1746 contulisse.
1814 1707 2016 1748 Libertas

144 1781 280 1817 autem
321 1777 402 1816 hec
436 1781 515 1831 est,
555 1787 675 1828 quam
708 1788 734 1815 a
766 1778 923 1828 pietate
961 1781 1105 1817 nostra
1139 1778 1355 1816 statuimus
1396 1777 1630 1816 obseruari.
1697 1776 1850 1817 Omnes
1893 1777 2015 1816 uillas

143 1849 187 1886 et
218 1847 533 1900 possessiones,
557 1856 663 1897 quas
685 1846 805 1885 modo
831 1846 1039 1897 prelibata
1072 1846 1256 1885 ecclesia
1289 1847 1330 1885 in
1363 1847 1440 1885 iam
1467 1846 1576 1885 dicto
1603 1846 1778 1889 circuitu
1811 1845 2015 1899 possidet,

143 1915 215 1955 vel
245 1918 396 1966 postea
422 1919 487 1954 est
519 1926 791 1968 possessura,
824 1915 878 1954 ab
902 1916 1008 1955 omni
1043 1926 1173 1955 onere
1200 1915 1456 1968 tributorum,
1491 1915 1778 1968 vectigalium,
1812 1915 2015 1971 collecta-

143 1996 232 2024 rum
264 1984 521 2036 aliarumque
546 1985 826 2038 exactionum,
860 1985 952 2024 siue
976 1984 1028 2024 ad
1063 1985 1289 2036 principem
1314 1985 1383 2023 vel
1416 1982 1711 2023 beneficiarios
1739 1967 2016 2039 spectantium

145 2063 394 2105 quocunque
426 2053 546 2092 modo
580 2055 776 2094 nouerint
814 2064 915 2093 esse
951 2053 1190 2107 absolutas,
1238 2053 1501 2106 adiicientes,
1539 2056 1583 2092 ut
1618 2053 1754 2092 nullus
1785 2053 2014 2105 principum

144 2133 438 2162 successorum
472 2126 706 2162 nostrorum
731 2123 799 2162 uel
831 2123 1047 2176 baronum,
1075 2122 1197 2162 nobis
1229 2123 1297 2162 uel
1321 2123 1384 2162 eis
1418 2122 1713 2175 subiectorum,
1736 2134 1811 2174 pro
1845 2126 2014 2162 castro-

144 2203 231 2230 rum
266 2188 528 2230 edificatione
559 2191 629 2231 uel
661 2190 975 2232 reedificatione
1001 2191 1069 2231 uel
1101 2192 1239 2244 aliqua
1272 2192 1490 2245 ingruenti
1524 2191 1792 2242 expeditione
1824 2191 2014 2232 homInes

145 2257 295 2311 prefati
339 2259 538 2299 circuitus
581 2260 737 2300 audeat
785 2262 1033 2313 inquietare.
1103 2260 1185 2301 Jus
1232 2264 1383 2315 autem,
1431 2260 1537 2313 quod
1581 2261 1704 2300 datur
1742 2273 1817 2313 pro
1860 2262 2013 2315 capite,

146 2329 210 2369 eis
243 2328 525 2383 concedimus,
548 2328 628 2369 hoc
662 2330 721 2380 de,
739 2328 832 2370 fure
856 2333 1116 2370 statuentes:
1150 2329 1198 2371 Si
1224 2331 1265 2369 in
1298 2341 1439 2370 eorum
1463 2330 1624 2370 habitat
1654 2330 2013 2384 possessionibus,

146 2401 188 2438 et
220 2397 514 2449 deprehensus
554 2396 678 2438 suerit
711 2400 750 2438 in
785 2398 891 2439 surto
925 2397 1156 2452 manifesto,
1197 2400 1268 2439 vel
1302 2400 1354 2439 de
1395 2400 1534 2452 aliquo
1568 2400 1730 2440 occulto
1772 2402 2012 2453 accusetur,

146 2466 347 2506 videlicet
379 2467 515 2519 quoad
555 2468 747 2507 iudicium
781 2468 882 2508 ferri
915 2468 1150 2521 candentis,
1189 2468 1260 2508 vel
1293 2480 1417 2523 aque,
1449 2469 1519 2508 vel
1552 2478 1747 2508 vomeres
1780 2467 2009 2516 calcandos

145 2535 215 2576 vel
248 2535 372 2575 duelli
415 2540 510 2591 etc,
544 2540 585 2576 et
618 2538 894 2578 conuincatur
932 2539 973 2578 in
1006 2537 1144 2590 aliquo
1177 2538 1349 2578 istorum
1380 2539 1423 2578 in
1462 2538 1614 2577 iudicio
1648 2537 1845 2592 seculari,
1879 2537 2012 2577 eidem

1629 2605 1696 2646 33
