2212 2876
1054 84 1121 125 35

149 228 408 282 supplicasti,
441 231 486 267 ut
518 239 609 267 cum
642 239 693 268 eo
727 227 1061 268 misericorditer
1101 239 1242 282 agere
1276 228 1586 283 dignaremur..
1628 229 1720 269 Nos
1760 230 1895 284 igitur
1937 231 2029 270 eius

148 299 318 338 miserie
352 297 645 351 condolentes7
672 297 948 337 Fraternitati
981 302 1051 336 tue
1079 309 1156 348 per
1182 301 1315 349 apost.
1351 299 1509 349 scripta
1532 297 1789 351 mandamus7
1823 303 2030 351 quatenus

149 367 405 422 condignam
445 368 714 418 penitentiam
755 379 830 418 pro
871 366 1103 407 huiusmodi
1146 367 1423 421 negligentia
1462 369 1665 422 iniungas
1706 368 1854 423 eidem.
1896 372 1938 408 et
1978 380 2030 409 ea

148 440 339 490 peracta,
380 437 477 489 quia
517 449 600 477 non
641 437 891 491 intelligitur
934 437 1126 476 iteratum
1160 437 1278 488 huod
1322 435 1473 476 factum
1515 448 1616 477 esse
1656 437 1858 492 nescitur7
1899 438 2030 489 ipsum

147 507 186 546 in
221 506 439 546 diaconum
473 507 671 546 ordinare
695 517 932 558 procures.
974 510 1016 546 et
1048 507 1111 545 sic
1154 506 1207 546 de
1241 506 1532 546 misericordia
1571 507 1759 546 eumdem
1791 508 2030 547 ministrare

149 576 366 627 permittas
406 576 448 615 in
489 576 636 616 ordine
678 576 931 616 sacerdotis.
994 576 1149 615 Datum
1190 576 1323 615 Rome
1365 576 1477 627 apud
1519 588 1554 616 s.
1597 576 1768 617 Petrum
1802 577 1901 617 XII.
1934 578 2030 618 Ka-

149 644 298 685 lendas
331 645 569 685 Februarii.

461 797 516 830 Ex
541 797 769 828 Innocentii
795 796 856 828 111.
874 799 1019 839 regesto
1043 797 1097 828 lib.
1118 797 1194 830 vn.
1219 799 1315 839 epist.
1338 795 1426 830 192.
1451 797 1539 839 apud
1563 799 1771 840 Brequiny
1795 801 1827 830 et
1847 797 1890 831 du
1911 798 2031 831 Theil

568 849 611 881 11.
637 858 668 890 p.
693 846 786 882 613.

992 1054 1184 1094 xxvll.

149 1187 421 1228 Innocenlc‘ns
452 1201 566 1241 papa
592 1187 677 1227 ΙΙΙ.
700 1186 911 1241 fratre'bus
938 1187 1161 1240 hospilale's
1188 1200 1221 1227 8.
1249 1189 1435 1229 Joarmis
1458 1190 1754 1241 possessiones
1780 1190 1825 1230 in
1849 1191 2029 1231 Boemz’a

332 1261 371 1297 et
400 1258 603 1298 Morsu-ia
637 1258 870 1310 coufirmat.
918 1259 990 1298 m.
1023 1259 1189 1299 Romae
1221 1258 1358 1298 Nonis
1391 1258 1656 1311 Abi-enebris,
1698 1259 1849 1300 1205.

280 1372 566 1434 Innocentius
601 1393 827 1444 episcopus
861 1404 1014 1432 seruus
1048 1404 1267 1432 seruorum
1301 1392 1382 1432 dei.
1447 1393 1627 1433 Dilectis
1670 1392 1762 1434 filiis
1797 1424 1806 1433 .
1841 1425 1850 1434 .
1884 1396 2028 1447 priori.

150 1464 193 1501 et
226 1459 427 1501 fratribus
461 1461 679 1513 hospitalis
720 1463 954 1502 Ierusalem
996 1464 1035 1501 in
1069 1463 1242 1502 Boemia
1276 1463 1525 1502 constitutis.
1567 1463 1742 1503 salutem
1777 1468 1820 1504 et
1852 1469 2028 1516 aposto-

150 1530 271 1570 licam
304 1531 652 1571 benedictionem.
718 1530 822 1572 Cum
865 1544 890 1571 a
931 1532 1052 1571 nobis
1094 1533 1248 1583 petitur
1285 1532 1395 1583 quod
1435 1533 1584 1572 iustum
1625 1537 1692 1573 est
1731 1538 1773 1574 et
1811 1534 2032 1575 honestum

150 1603 232 1640 tam
271 1601 401 1655 uigor
442 1601 639 1652 equitatis
689 1612 810 1652 quain
851 1601 953 1640 ordo
1002 1602 1141 1655 exigit
1183 1602 1380 1641 racionis,
1423 1606 1468 1641 ut
1508 1602 1547 1641 id
1595 1614 1672 1654 per
1712 1603 2031 1645 sollicitudinem

151 1668 273 1709 officii
306 1671 439 1710 nostri
472 1669 525 1709 ad
562 1670 744 1710 debitum
779 1670 1036 1721 perducatur
1069 1669 1272 1710 effectum.
1320 1671 1562 1722 Eapropter
1602 1672 1742 1712 dilecti
1784 1673 1825 1712 in
1867 1673 2031 1714 domino

152 1737 222 1778 filii
254 1740 411 1778 uestris
445 1740 566 1779 iustis
601 1739 799 1790 precibus
842 1740 1039 1779 inclinati.
1072 1752 1280 1792 personas
1321 1746 1492 1780 uestras
1525 1745 1567 1781 et
1609 1744 1909 1793 possessiones
1950 1755 2032 1796 que

151 1809 192 1849 in
226 1809 400 1849 Boemia
433 1812 476 1848 et
507 1809 712 1849 Jlorauia
744 1809 866 1849 uobis
901 1811 968 1861 pia
1000 1814 1097 1850 sunt
1129 1809 1380 1849 liberalitate
1421 1810 1573 1850 collate
1615 1811 1684 1851 uel
1724 1823 1829 1863 quas
1870 1813 1912 1852 in
1951 1824 2031 1864 po-

150 1881 311 1918 sterum
350 1878 430 1918 deo
471 1879 723 1930 propitiante
764 1879 883 1919 iustis
924 1879 1056 1919 modis
1098 1880 1288 1931 poteritis
1323 1879 1513 1931 adipisci.
1555 1880 1634 1920 sub
1676 1881 1788 1920 beati
1829 1882 1947 1922 Petri
1989 1887 2032 1922 et

151 1952 297 1988 nostra
330 1949 591 1999 protectione
631 1949 894 2000 suscipimus.
929 1952 971 1988 et
1012 1950 1226 2000 presentis
1259 1950 1405 2001 scripti
1449 1951 1681 2001 patrocinio
1724 1953 2030 1992 communimus.

152 2017 263 2057 Nulli
298 2029 409 2072 ergo
444 2018 607 2058 omnino
640 2018 845 2058 hominum
870 2019 995 2058 liceat
1027 2018 1137 2058 hanc
1172 2020 1373 2073 paginam
1399 2024 1545 2059 nostre
1578 2020 1853 2071 protectionis
1880 2020 2028 2061 infrin-

153 2097 268 2142 gere
314 2087 383 2127 uel
431 2087 470 2127 ei
511 2099 617 2127 ausu
665 2088 890 2128 temerario
939 2088 1166 2128 contraire.
1230 2088 1279 2129 Si
1329 2089 1421 2140 quis
1464 2093 1601 2129 autem
1649 2089 1731 2129 hoc
1779 2094 2030 2143 attemptare

152 2157 456 2208 presumpserit
496 2155 830 2211 indignationem
880 2159 1172 2209 omnipotentis
1213 2158 1281 2198 dei
1322 2163 1364 2198 et
1402 2159 1621 2199 beatorum
1660 2159 1779 2199 Petri
1819 2165 1862 2200 et
1907 2160 2027 2200 Pauli

153 2225 433 2276 apostolorum
459 2227 550 2266 eius
575 2238 623 2266 se
652 2228 817 2267 nouerit
841 2228 1115 2267 incursurum.
1164 2228 1316 2267 Datum
1346 2228 1478 2268 Rome
1501 2228 1611 2281 apud
1644 2233 1835 2269 sanctum
1858 2230 2028 2270 Petrum

151 2295 287 2335 Nouis
321 2296 586 2336 Nouembris.
637 2295 911 2337 Pontificatus
945 2298 1077 2337 nostri
1111 2309 1222 2337 anno
1257 2303 1422 2337 octauo.

465 2447 520 2480 Ex
544 2448 736 2491 originali
760 2450 791 2481 in
816 2449 953 2481 archivo
977 2449 1259 2482 Melitensium
1288 2449 1463 2493 Pragae.
1510 2451 1601 2483 Inter
1630 2452 1796 2493 papaHa
1820 2462 1849 2484 n.
1875 2452 2005 2484 XXVl.

1646 2591 1715 2607 fis!-

1640 2608 1715 2634 O‘N*
