2212 2876
995 101 1062 142 89

98 245 161 284 rei
192 248 327 284 testes
360 247 468 284 sunt.
493 242 703 295 Sym-idus
727 244 1022 298 Augustensis
1049 246 1287 296 episcopus.
1314 244 1489 284 Vlricus
1515 244 1649 284 abbas
1674 246 1809 285 sancti
1843 246 1968 287 Galli.

99 311 219 353 Cono
253 313 389 352 abbas
415 313 699 353 Elwacensis.
728 314 942 352 HeanCus
970 314 1106 352 abbas
1133 312 1498 364 Campidonensis.
1524 312 1731 353 Radull'us
1758 315 1969 365 palatinus

97 393 238 421 comes
272 382 323 421 de
346 381 579 436 'I'wingem
615 380 768 422 Comes
793 382 1077 422 Hartmannus
1111 384 1163 422 de
1187 383 1485 422 wirtenberc.
1520 382 1675 424 Comes
1710 384 1969 424 Lodowicus

96 448 229 490 frater
262 452 366 490 eius.
408 452 677 490 Hermannus
722 451 906 491 marchio
950 452 1002 491 de
1036 452 1198 491 Baden.
1241 453 1375 506 Ilugo
1410 453 1546 492 iunior
1585 453 1795 504 palatinus
1829 465 1969 493 comes

97 519 149 559 de
182 520 414 574 'I‘wingem
449 518 604 560 Comes
638 520 896 560 Lodowicus
930 521 982 560 de
1017 521 1252 575 Ottyngen.
1286 522 1513 562 Bertoldus
1556 522 1609 561 de
1641 522 1839 574 Nyphen.
1872 523 1968 562 An-

96 590 250 629 selmus
289 590 341 628 de
388 590 625 643 Justingen
671 590 972 629 marescalcus.
1014 590 1244 630 U'alterus
1285 591 1337 630 de
1385 591 1506 642 Syph
1554 592 1770 643 pincerna.
1818 595 1860 632 et
1899 592 1969 631 alii

97 670 216 711 quam
252 659 407 709 plures.
472 659 571 713 Ego
614 658 838 699 Conradus
871 660 1084 699 Metensis
1125 663 1166 699 et
1205 659 1425 711 Spirensis
1470 662 1710 712 episcopus.
1743 661 1968 712 imperialis

96 727 192 767 aule
227 728 509 767 cancellarius
542 729 639 767 vice
673 728 822 767 domini
847 727 1018 779 Sym-idi
1051 728 1250 781 Mogunt.
1285 730 1400 768 sedis
1426 729 1736 780 archiepiscopi
1770 734 1811 769 et
1842 730 1968 769 totius

96 797 322 838 Germanie
368 797 735 836 archicancellarii
775 799 1024 849 recog-noui.
1088 798 1200 836 Acta
1248 803 1344 837 sunt
1385 798 1464 837 hec
1505 810 1614 837 anno
1655 798 1861 838 dominice
1901 800 1968 838 in-

94 867 351 906 carnationis
384 866 596 905 millesimo
631 866 917 905 ducentesimo
943 867 1244 906 sextodecimo.
1293 867 1481 918 Septimo
1515 868 1738 906 Kalendas
1764 868 1967 922 Augusti.

94 935 326 975 Indictione
360 940 522 987 quarta.
579 936 815 988 Regnante
850 935 1012 975 domino
1054 939 1197 975 nostro
1232 936 1466 975 Frederico
1499 936 1688 976 secundo
1722 936 1789 976 dei
1823 938 1969 991 gratia

95 1005 374 1043 Romanorum
415 1014 526 1057 rege
574 1015 743 1054 semper
782 1008 969 1058 augusto
1018 1008 1059 1044 et
1099 1016 1211 1059 rege
1259 1005 1418 1045 Sicilie.
1460 1017 1570 1045 anno
1619 1006 1797 1045 Romani
1838 1007 1967 1061 regni

93 1074 226 1125 ipsius
261 1076 420 1124 quarto.
463 1078 505 1112 et
537 1073 684 1114 Sicilie
725 1073 1053 1113 octauodecimo.
1089 1072 1280 1114 feliciter.
1325 1086 1458 1114 amen.
1523 1075 1622 1114 Dat.
1663 1075 1773 1127 apud
1806 1075 1968 1115 vlmam

93 1153 170 1194 per
201 1154 347 1181 manus
379 1142 570 1182 Bertoldi
603 1142 655 1181 de
690 1142 873 1194 Nyphen
913 1144 1139 1194 imperialis
1174 1143 1268 1183 aule
1308 1143 1628 1195 prothonotarii.
1662 1156 1787 1184 anno.
1820 1156 1966 1185 mense

94 1215 137 1252 et
167 1211 392 1251 indictione
426 1212 689 1263 pretitulatis.

405 1311 459 1343 Ex
483 1312 677 1353 originali
703 1322 773 1342 cum
799 1312 908 1343 bulla
931 1321 1055 1343 aurea
1080 1321 1228 1353 appensa
1248 1314 1279 1344 in
1297 1313 1389 1345 arch.
1410 1324 1438 1345 c.
1459 1324 1484 1344 r.
1505 1314 1611 1345 aulico
1635 1313 1967 1346 vindobonae.—

508 1363 634 1394 Excus.
657 1363 747 1394 dedit
771 1364 917 1395 Balbin
944 1364 1490 1406 n.1.1.V111.p.8.G01da.s-t.
1514 1366 1681 1398 Dobner
1706 1367 1743 1398 in
1766 1366 1967 1398 Pulkawa

508 1414 549 1446 ad
575 1424 690 1446 annum
721 1412 821 1446 1226
847 1418 879 1446 et
902 1415 967 1446 alii.

938 1583 1124 1624 LXXII.

222 1674 461 1736 Honorius
502 1706 613 1746 papa
653 1695 728 1734 III.
767 1695 988 1750 Pragensi
1039 1697 1239 1748 episcopo
1283 1697 1334 1737 de
1375 1696 1563 1752 decimis7
1605 1697 1657 1737 de
1699 1699 1965 1739 secularibus

92 1763 311 1803 canonicis
345 1763 478 1822 minus
512 1763 700 1829 legitime
733 1766 844 1804 natis
879 1770 959 1805 cte.
993 1767 1153 1806 scribit.
1207 1767 1362 1806 Datum
1395 1767 1601 1807 Laterani
1633 1767 1711 1807 IV.
1744 1761 1966 1809 Kalendas

94 1832 362 1886 Novembris7
403 1832 556 1873 1216.

401 1932 621 1975 Palacky's
645 1933 748 1965 Rcise
771 1952 814 1957 —-
838 1944 870 1975 p.
894 1933 960 1967 20.
985 1944 1003 1966 e
1026 1935 1176 1977 Regesto
1200 1936 1336 1967 Honorii
1360 1935 1423 1967 111.
1447 1938 1532 1967 tomo
1556 1936 1582 1967 1.
1607 1937 1703 1978 epist.
1727 1935 1791 1969 44.

924 2102 1130 2143 LXXIII.

93 2204 263 2243 Honor
249 2215 315 2243 eus
345 2216 460 2256 papa
494 2205 580 2244 ΙΙΙ.
614 2204 666 2245 de
697 2205 952 2246 restituendo
984 2206 1165 2258 quodam
1197 2209 1352 2259 castro,
1385 2205 1498 2258 quod
1532 2206 1814 2261 Theodotus,
1847 2210 1964 2261 reqis

92 2272 298 2312 Boemiae
334 2283 480 2325 nepos,
523 2286 650 2313 cruce
689 2275 882 2326 scymnus
917 2275 1153 2328 proditone
1197 2277 1491 2328 occuparet-‚at
1553 2277 1717 2317 Datum
1755 2277 1965 2318 Laterani

610 2343 710 2385 XV.
743 2343 970 2384 Kalendas
1002 2343 1248 2396 Ρεῠιαανὶἱ,
1290 2343 1443 2386 1217.

224 2433 462 2495 Honorius
505 2455 730 2506 episcopus
771 2467 924 2496 seruus
963 2467 1182 2497 seruorum
1221 2457 1302 2497 dei.
1375 2457 1706 2506 Venerabilibus
1751 2487 1760 2497 .
1800 2487 1811 2498 .
1852 2459 1962 2498 Pra-

94 2522 223 2575 gensi
256 2527 299 2563 et
325 2551 334 2562 .
364 2552 372 2561 .
400 2522 672 2564 Olomucensz'
704 2525 931 2580 episcopiS,
965 2528 1007 2566 et
1039 2525 1192 2567 dilecto
1232 2524 1312 2567 fillo
1344 2556 1353 2566 .
1378 2556 1388 2566 .
1412 2528 1625 2580 preposito
1659 2527 1963 2580 Ratisponensi

1585 2595 1648 2636 12
