2212 2876
188 255 457 309 acceptabilis
491 255 569 295 deo
600 236 753 294 nostra
779 252 968 292 deuocio.
1001 253 1222 292 statuimus
1260 256 1306 292 ut
1333 252 1624 305 prenominate
1655 252 1900 293 subiaceant
1929 252 2059 293 liber-

187 327 271 365 tati.
306 328 345 365 et
373 326 569 365 uolumus
585 327 630 363 ut
643 323 822 362 ecclesia
846 323 890 361 in
908 322 1097 374 ipsarum
1112 321 1301 373 qaudeat
1324 321 1552 373 tranquilla
1582 323 1864 373 possessione.
1906 323 2059 363 Villam

186 396 312 442 etiam
332 395 459 445 vulqo
488 393 641 432 dictam
664 391 878 432 Medueze
909 403 1033 442 quam
1055 391 1124 442 pie
1149 391 1348 430 memorie
1372 391 1646 431 wladizlaus
1671 394 1850 442 patruus
1883 395 2057 444 emptam

188 464 361 503 contulit
391 463 589 502 ecclesie·
614 464 653 500 et
681 461 780 500 illas
813 473 918 512 quas
949 460 1160 499 Walterus
1193 459 1380 499 decanus
1406 459 1458 499 de
1489 460 1667 499 licencia
1701 459 1887 499 eiusdem
1917 462 2059 513 patrui

184 533 319 571 nostri
342 535 381 571 et
403 531 599 570 dominus
628 531 870 582 prepositus
903 528 1148 581 Stephanus
1172 531 1329 580 emptas
1358 529 1534 568 ecclesie
1565 528 1842 567 donauerunt.
1865 528 2062 568 uidelicet

183 601 323 640 Lutin.
349 601 554 640 Neredin.
583 592 831 640 Go‘zchichi.
864 598 1227 638 Misslochouichi.
1255 600 1294 636 et
1315 598 1432 636 illam
1456 609 1578 648 quam
1609 596 1804 636 dominus
1836 599 2059 650 episeopus

184 674 362 722 emptam
401 669 453 709 de
492 681 702 708 consensu
730 668 868 720 patris
899 668 1035 707 nostri
1066 667 1264 707 Premizl
1295 667 1428 706 incliti
1459 667 1575 717 reyis
1606 666 1866 706 Boemorum
1898 666 2063 706 addidit

185 739 362 778 ecclesie
384 740 553 778 nomine
576 738 759 789 Ramay.
784 738 959 790 insuper
982 739 1119 776 terras
1138 739 1222 775 tres
1249 735 1416 775 domine
1439 734 1748 774 marchionisse
1773 736 1816 774 in
1843 734 2059 776 cladomb

183 811 222 847 et
249 821 378 848 unam
418 809 462 848 in
495 807 786 849 Semitessich.
830 810 869 846 et
905 806 963 846 acl
1000 805 1084 845 duo
1125 808 1272 845 aratra
1304 806 1349 843 in
1389 804 1576 856 Lyssek.
1617 807 1654 843 et
1693 805 1737 843 in
1775 805 2058 844 Nelessouich

183 877 241 917 ad
272 877 369 917 duo.
402 878 446 917 in
480 876 758 917 celehhouich
799 875 858 915 ad
886 887 1029 915 unum.
1063 875 1107 914 in
1141 887 1213 913 eas
1244 874 1375 913 uillas
1418 886 1493 913 seu
1525 876 1675 912 terras.
1709 886 1814 925 quas
1846 873 1922 913 sub
1955 878 2059 913 tem-

179 959 285 999 pore
323 947 534 999 principis
575 945 821 985 wladimiri
863 943 1055 997 possedit
1091 943 1283 982 ecclesia.
1331 942 1409 982 sub
1450 943 1717 996 episcopatus
1755 944 1850 982 iure
1891 944 2060 995 antiquo

181 1015 338 1056 liberas
371 1028 464 1055 esse
497 1016 800 1054 constituimus.
866 1014 1071 1053 Preterea
1105 1013 1317 1064 cupientes
1350 1010 1409 1051 ad
1434 1012 1607 1063 plenum
1641 1011 1692 1051 ab
1725 1011 2058 1064 impetieionibus

180 1084 374 1125 indebitis
417 1084 689 1124 eoeleonerare
735 1083 958 1122 ecclesiam
1000 1081 1069 1121 dei
1114 1084 1153 1120 et
1187 1082 1288 1133 paci
1327 1081 1629 1121 canonicorum
1675 1080 1907 1133 prouidere
1948 1081 2058 1121 hanc

181 1153 410 1195 libertatem
450 1154 557 1206 ipsis
597 1152 739 1192 (lando
772 1152 992 1191 statuimus
1033 1153 1080 1189 ut
1114 1150 1259 1190 nullus
1300 1151 1636 1190 camerariorum
1673 1151 1744 1189 uel
1783 1149 2061 1202 quorumlibet

181 1224 433 1263 nunciorum
476 1235 501 1261 a
535 1224 677 1261 castro
710 1220 865 1260 audeat
902 1220 1032 1259 uilla-s·
1064 1220 1256 1271 ipsorum
1294 1218 1464 1270 inyredi
1500 1231 1581 1271 pro
1621 1220 1762 1271 aliquo
1791 1221 2057 1271 manamine.

182 1291 420 1333 bominibus
462 1303 607 1331 eorum
640 1289 864 1343 inferendo
905 1289 977 1329 uel
1008 1300 1080 1328 eos
1120 1289 1158 1327 si
1190 1289 1381 1328 accusati
1415 1288 1581 1341 suerint
1615 1288 1674 1327 ad
1711 1288 1916 1328 iudicium
1955 1300 2057 1328 euo-

183 1361 333 1401 cando.
389 1361 592 1402 Volumus
625 1362 761 1399 autem
783 1362 830 1399 ut
859 1358 994 1399 iudea:
1026 1358 1097 1397 uel
1118 1356 1290 1410 benefici
1319 1369 1397 1410 per
1430 1356 1511 1397 sibi
1542 1356 1749 1396 subiectos
1777 1357 1836 1396 ad
1866 1357 2058 1397 dominos

182 1442 326 1471 eorum
358 1431 521 1470 mittant
546 1441 625 1482 per
658 1440 762 1481 quos
802 1429 917 1468 citati
949 1427 1140 1467 homines
1171 1427 1363 1480 ipsorum
1402 1425 1561 1466 iudicio
1594 1427 1806 1466 assistant.
1839 1438 1917 1466 nec
1949 1428 2059 1466 enim

181 1499 299 1541 decet
341 1498 664 1539 beniuolentiam
700 1498 983 1550 principalem
1032 1496 1113 1535 hoc
1149 1496 1247 1548 sieri
1294 1496 1516 1535 sustinere.
1557 1498 1605 1535 ut
1649 1494 1801 1535 domus
1842 1496 1914 1535 uel
1951 1495 2058 1535 bona

178 1581 412 1622 pauperum
455 1568 632 1607 ecclesie
670 1580 749 1620 per
789 1567 1052 1607 camerarios
1097 1564 1401 1618 preuideantur
1440 1564 1511 1604 uel
1549 1567 1790 1604 euertantur
1830 1565 1928 1616 quia
1967 1566 2059 1604 sine

182 1638 365 1692 dampno
397 1640 436 1677 et
462 1638 717 1689 gremmine
749 1648 893 1676 rerum
924 1647 1009 1675 non
1045 1635 1179 1688 facile
1205 1635 1376 1687 possint
1404 1632 1648 1673 huiusmodi
1685 1634 1894 1673 uiolencie
1926 1645 2059 1673 emer-

182 1709 283 1748 ceri.
317 1711 356 1747 et
385 1707 480 1747 ideo
508 1707 714 1759 precipue
746 1704 982 1745 inhibemus
1005 1716 1058 1744 ne
1090 1705 1171 1744 ista
1201 1703 1308 1756 fiant
1327 1704 1426 1755 quia
1458 1703 1594 1742 omnis
1626 1702 1812 1742 uenditio
1843 1702 2060 1742 hominum

183 1778 358 1818 ecclesie
393 1776 690 1817 Olomucensis
722 1776 767 1814 in
798 1776 866 1815 ius
899 1774 1133 1814 reuoluitur
1159 1773 1430 1825 episcopatus
1463 1774 1502 1811 et
1532 1771 1794 1811 commodum
1827 1772 2059 1811 canonico-

183 1859 277 1887 rum
308 1847 418 1886 sicut
440 1846 565 1897 lonqe
597 1848 692 1885 ante
715 1847 861 1883 nostra
894 1847 1081 1895 tempora
1105 1854 1182 1894 per
1215 1844 1529 1881 antecessorum
1554 1843 1798 1879 nostrorum
1826 1840 2059 1892 priuileqia

184 1917 361 1955 ecclesie
395 1915 668 1955 olomucensi
688 1913 1006 1966 priuileyiatum
1039 1915 1111 1951 est.
1143 1910 1365 1951 Adicimus
1398 1911 1522 1948 etiam
1545 1908 1724 1948 libertati
1756 1910 2060 1948 canonicorum

185 1985 432 2037 ampliorem
464 1984 576 2023 lianc
605 1985 791 2035 qratiam
824 1985 1047 2022 statuentes
1076 1980 1254 2033 firmiter
1286 1978 1512 2018 obseruari
1542 1981 1589 2017 ut
1617 1979 1951 2030 quociescunque
1978 1989 2058 2030 per

183 2054 373 2093 thelonea
404 2055 507 2093 uina
547 2054 737 2106 ipsorum
769 2052 840 2092 uel
877 2049 1055 2103 quelibet
1091 2050 1233 2090 omnia
1274 2049 1361 2089 alia
1403 2048 1669 2088 deducuntur
1707 2049 1900 2100 ipsorum
1939 2059 2056 2086 com-

180 2125 334 2176 parata
373 2124 520 2177 precio
559 2124 651 2161 sine
689 2121 838 2173 quibus
876 2121 1046 2160 minime
1085 2118 1185 2159 bene
1225 2120 1264 2157 et
1301 2117 1472 2157 lione-ste
1511 2130 1617 2157 cura
1659 2116 1886 2156 domestica
1924 2119 2060 2169 potest

185 2191 411 2230 subsistere
442 2191 512 2231 uel
543 2191 740 2231 humanis
779 2189 926 2230 usibus
960 2191 1058 2229 sunt
1086 2187 1344 2227 necessaria.
1386 2186 1620 2226 theloneum
1652 2197 1739 2225 non
1770 2186 1949 2225 soluant.
1982 2185 2059 2224 sed

184 2260 315 2301 libere
356 2273 434 2300 sua
477 2272 721 2311 quocunque
768 2260 982 2299 voluerint
1022 2256 1177 2309 absque
1216 2257 1330 2295 omni
1377 2256 1601 2295 ewactione
1648 2253 1869 2294 deducant.
1933 2254 2059 2304 Quod

184 2333 320 2370 (tutem
353 2329 527 2382 benefici
564 2330 699 2368 nostri
730 2329 800 2369 uet
840 2329 1004 2367 nouiter
1036 2326 1315 2379 inbeneficiati
1354 2325 1467 2364 soliti
1499 2328 1597 2364 sunt
1634 2324 1867 2376 episcopali
1899 2323 2057 2363 decime

183 2400 413 2452 septimane
444 2399 645 2438 iniuriari
687 2399 1035 2450 interrumpentes
1075 2407 1180 2435 eam.
1224 2397 1263 2434 et
1300 2395 1603 2433 canonicorum
1642 2393 1710 2432 ius
1749 2393 1961 2445 auferunt.
2003 2404 2056 2431 ne

182 2472 354 2521 propter
401 2470 591 2508 nostram
637 2467 936 2517 nesltiyentiam
978 2467 1023 2505 in
1068 2454 1248 2517 preceps
1295 2466 1441 2503 contra
1490 2463 1713 2502 ecelesiam
1763 2461 1927 2513 aliquid
1975 2462 2055 2500 tate

185 2541 348 2589 ayatur.
382 2538 602 2577 statuimus
640 2539 686 2576 ut
716 2535 821 2575 ordo
852 2534 1041 2588 predicte
1081 2534 1310 2586 septimane
1341 2544 1426 2572 non
1457 2533 1787 2583 ‘interrumpatur
1827 2529 1904 2569 sed
1934 2529 2055 2570 ordi-
