2212 2876
154 223 280 252 sacre
313 212 537 267 religionis
571 209 789 265 infringat.
842 211 905 251 Ea
941 214 1113 262 propter
1146 211 1298 252 dilecte
1332 212 1372 251 in
1401 209 1573 252 Christo
1607 209 1687 251 filie
1720 212 1877 252 uestris
1912 211 2032 251 iustis

154 282 501 334 postulationibus
542 281 771 320 clementer
810 281 1027 320 annuimus
1069 285 1110 320 et
1143 280 1450 320 Monasterium
1490 285 1639 320 sancte
1682 281 1765 321 Dei
1805 282 2033 335 genitricis

154 356 197 392 et
235 353 419 406 uirginis
459 350 654 390 MARIE
705 349 758 389 de
796 349 927 388 Porta
978 350 1058 389 celi
1101 349 1392 391 olomucensis
1442 350 1641 390 diocesis.
1684 351 1724 389 in
1775 351 2033 402 quo·diuino

154 422 258 461 estis
292 421 494 472 obsequio
528 420 763 470 mancipate
804 419 882 458 sub
918 419 1029 459 beati
1071 419 1189 458 Petri
1227 423 1269 459 et
1302 422 1445 458 nostra
1486 419 1749 470 protectione
1782 420 2033 470 suscipimus

154 494 196 530 et
228 491 441 541 presentis
475 489 620 539 scrIpti
656 488 882 542 priuilegio
925 490 1231 528 communimus.
1296 489 1343 528 In
1379 489 1519 540 primis
1559 488 1763 540 siquidem
1796 492 2035 528 statuentes

153 563 197 598 ut
230 560 331 599 ordo
364 558 631 598 Monasticus
666 559 733 609 qui
767 557 997 597 secundum
1030 558 1166 597 Deum
1201 561 1243 597 et
1275 558 1390 597 beati
1424 557 1645 597 Benedicti
1680 557 1873 611 regulam
1908 561 2034 608 atque

154 629 450 668 institutionem
484 625 833 668 Cisterciensium
875 625 1046 667 fratrum
1081 639 1105 666 a
1138 627 1261 667 uobis
1303 630 1396 678 post
1429 627 1647 667 concilium
1689 626 1900 681 generale
1934 637 2035 666 sus-

153 701 316 748 ceptam
363 697 404 736 in
447 696 593 736 eodem
641 697 895 735 monasterio
936 698 1148 736 institutus
1195 708 1296 736 esse
1345 697 1577 736 dinoscitur
1626 697 1842 748 perpetuis
1882 695 2035 734 ibidem

152 767 407 818 temporibus
454 766 750 805 inuiolabiliter
802 765 1068 805 obser-uetur.
1140 766 1349 806 Preterea
1397 777 1682 818 quascumque
1731 765 2034 817 possessiones

154 832 414 888 quecumque
448 835 559 875 bona
593 835 698 874 idem
733 834 1039 874 Monasterium
1072 836 1433 886 impresentiarum
1468 837 1576 876 iuste
1611 847 1662 874 ac
1688 835 1895 874 canonice
1930 844 2034 885 pos-

153 905 263 945 sidet
302 905 445 944 autin
486 902 665 943 futurum
707 904 987 943 concessione
1029 902 1274 955 pontificum.
1314 905 1545 959 largitione
1586 905 1757 959 Regum
1798 904 1866 943 uel
1905 903 2034 942 Prin-

152 975 298 1026 cipum.
333 974 546 1014 oblatione
579 972 755 1013 fidelium
782 985 860 1013 seu
893 973 985 1012 aliis
1013 974 1131 1012 iustis
1157 974 1288 1013 modis
1321 979 1539 1025 prestante
1565 974 1728 1013 domino
1754 974 1906 1025 poterit
1939 971 2035 1011 adi-

155 1044 273 1095 pisci.
317 1042 429 1084 firma
467 1044 591 1083 uobis
642 1047 684 1083 et
722 1044 785 1083 eis
835 1054 917 1094 que
955 1042 1077 1082 uobis
1121 1045 1412 1083 successerint
1462 1048 1504 1082 et
1548 1043 1701 1082 illibata
1746 1043 2034 1094 permaneant.

154 1113 202 1153 In
237 1113 387 1165 quibus
420 1113 501 1153 hec
544 1114 724 1165 propriis
766 1113 958 1152 duximus
992 1113 1269 1164 exprimenda
1311 1113 1544 1152 uocabulis.
1609 1113 1778 1153 Locum
1817 1113 1954 1164 ipsum
1988 1111 2033 1149 in

153 1194 234 1234 quo
265 1183 479 1235 prefatum
511 1183 821 1222 Mones-terium
855 1183 980 1221 situm
1012 1184 1075 1221 est
1099 1194 1193 1221 cum
1225 1181 1417 1221 omnibns
1448 1183 1710 1234 pertinentiis
1744 1182 1847 1220 suis.
1913 1181 2033 1219 Pos-

154 1253 367 1291 sessiones
400 1251 451 1291 cle
485 1250 672 1303 Giylaua
705 1264 800 1290 cum
833 1251 1008 1290 teloneo.
1049 1251 1272 1291 Bometici.
1323 1252 1549 1290 U'icenow.
1582 1252 1817 1290 Boriscew.
1858 1248 1909 1288 de
1944 1249 2034 1288 Pe-

152 1323 264 1359 stew.
297 1320 555 1360 medietatem
594 1332 688 1359 cam
721 1319 913 1359 omnibus
951 1319 1125 1360 ruribus
1166 1322 1205 1359 et
1238 1321 1502 1372 pertinentiis
1543 1321 1648 1359 suis.
1713 1320 1816 1359 Item
1857 1329 2034 1370 posses·-

154 1391 295 1430 siones
321 1393 359 1429 et
379 1392 516 1429 terras
540 1389 592 1429 de
618 1388 846 1430 Pobilcozti
870 1389 1075 1428 kolihoue.
1100 1388 1378 1430 Smirclzowe.
1413 1388 1613 1430 I'blazlca.
1641 1390 1820 1440 Leyota.
1845 1386 2034 1427 Birdini.

154 1471 249 1498 cum
281 1458 472 1498 omnibus
513 1458 679 1498 ‘iuribus
712 1461 749 1497 et
778 1459 1041 1511 pertinentiis
1083 1460 1174 1498 suis
1213 1459 1377 1498 scilicet
1416 1458 1776 1498 Branclmowess.
1819 1456 2033 1498 Cilzhowe.

154 1527 367 1569 Jastrabe.
422 1527 777 1567 Oztlzechowichi.
840 1528 1141 1579 I‘ffqrinowiclii.
1193 1527 1426 1568 Pe1·s.s·elw.
1484 1527 1720 1567 Dublsowa.
1777 1526 2035 1577 Humaleyo.

162 1598 423 1647 lViqnanow.
458 1609 552 1636 cum
585 1597 777 1636 omnibus
810 1596 974 1636 iuribus·
1008 1600 1047 1635 et
1074 1598 1337 1649 pertinentiis
1378 1598 1482 1636 suis.
1526 1597 1764 1636 Wenntzli-z,
1805 1608 1899 1634 own
1930 1606 2034 1647 per-

154 1667 336 1705 tinentiis
375 1667 479 1706 suis.
519 1665 699 1706 Lnlcow.
741 1665 977 1707 ›S'cahiswa
1020 1666 1256 1718 Cappaniz.
1301 1666 1506 1707 clement-z..
1550 1666 1856 1705 'l'lmsclzenom
1897 1667 2034 1703 terras

153 1738 192 1774 et
219 1737 525 1788 possessiones.
551 1748 645 1775 cnm
669 1735 860 1775 omnibns
888 1735 1051 1775 iuribus
1085 1739 1123 1774 et
1142 1736 1406 1788 pertinentiis
1433 1736 1537 1774 setis.
1569 1736 1755 1775 Lonmiz
1789 1737 1827 1773 et
1849 1734 2035 1774 ›setezmz

154 1816 250 1844 cam
282 1804 472 1844 omnibns
493 1806 757 1857 pertinentiis
790 1805 893 1844 suis.
950 1803 1055 1845 Cum
1088 1806 1232 1856 pratis.
1258 1805 1407 1844 uineis.
1441 1806 1580 1843 terris.
1617 1804 1867 1843 nemoribus.
1902 1814 2034 1841 nsua-

158 1876 244 1929 giis
279 1881 320 1914 et
346 1876 530 1925 pascuis.
564 1875 603 1913 in
631 1875 762 1913 bosco
797 1878 840 1913 et
865 1874 1000 1925 plano.
1036 1874 1075 1913 in
1102 1875 1222 1925 aquis
1258 1877 1300 1913 et
1326 1873 1585 1912 molendinis.
1612 1873 1652 1912 in
1678 1874 1759 1912 uiis
1793 1876 1835 1911 et
1861 1871 2033 1910 semitis.

155 1956 246 1984 cuin
269 1944 456 1983 omnibus
483 1944 575 1983 aliis
598 1944 860 1983 libertatibus
880 1947 922 1983 et
948 1943 1267 1982 immunitatibus
1292 1943 1393 1982 suis.
1419 1942 1538 1983 Sane
1564 1942 1772 1981 noualium
1796 1945 2034 1981 uestrorum

159 2025 239 2065 que
274 2015 454 2065 propriis
487 2014 677 2053 manibus
718 2017 789 2053 aut
822 2013 1052 2064 sumptibus
1085 2013 1221 2052 colitis
1256 2013 1308 2052 de
1341 2012 1490 2064 quibus
1524 2012 1676 2064 aliquis
1709 2011 1917 2050 hactenus
1951 2019 2034 2049 non

159 2085 362 2134 percepit.
395 2084 486 2123 siue
520 2083 573 2122 de
607 2084 722 2123 ortis.
747 2083 947 2136 uirgultis
982 2086 1023 2122 et
1056 2082 1358 2133 piscationibus
1391 2082 1552 2120 uestris
1585 2081 1653 2120 uel
1688 2081 1740 2120 de
1773 2079 2034 2120 nutrimentis

159 2153 391 2191 animalium
423 2156 672 2192 uestrorum.
705 2152 841 2191 nullus
882 2164 906 2191 a
940 2152 1061 2191 uobis
1096 2151 1280 2190 decimas
1314 2151 1500 2205 exigere
1534 2151 1604 2190 uel
1638 2153 1895 2202 extorquere
1929 2159 2030 2199 pre-

160 2224 306 2261 sumat.
353 2220 505 2260 Liceat
530 2232 696 2274 quoque
718 2222 840 2260 uobis
867 2232 1074 2273 personas
1099 2220 1255 2260 liberas
1278 2223 1321 2259 et
1344 2220 1561 2259 absolutas
1586 2230 1610 2259 e
1641 2219 1787 2259 seculo
1814 2216 2035 2271 fugientes

161 2291 215 2330 ad
255 2292 575 2330 conum-sionem
616 2293 812 2342 recipere
853 2302 904 2330 ac
945 2302 1019 2330 eas
1062 2290 1226 2342 absque
1275 2288 1609 2328 contradictione
1651 2289 1790 2340 aliqua
1832 2287 2033 2326 retinere.

161 2360 437 2400 Prohibemus
471 2360 643 2411 insuper
675 2364 718 2399 ut
752 2360 847 2399 nulli
882 2371 1071 2399 sororum
1103 2362 1338 2399 uestrarum
1383 2362 1478 2409 post
1510 2356 1660 2397 factam
1694 2358 1735 2396 in
1768 2354 2034 2396 Monasterio

162 2434 304 2470 uestro
346 2428 649 2481 professionem
697 2428 761 2468 sas
802 2431 856 2469 sit
896 2431 988 2468 sine
1037 2428 1258 2468 abbatisse
1300 2438 1378 2466 sue
1426 2427 1606 2467 licentia.
1657 2426 1710 2465 de
1750 2425 1896 2465 eodem
1940 2424 2034 2463 loco

163 2500 401 2539 discedere.
436 2498 734 2538 Discedentem
759 2510 862 2538 uero
889 2498 1052 2551 absque
1070 2498 1299 2538 comunium
1324 2497 1550 2537 litterarum
1578 2500 1812 2536 uestrarum
1839 2495 2034 2534 cautione
