2212 2876
1064 104 1171 146 217

180 249 322 288 clerici
373 248 668 300 premissorum
712 249 878 300 penitus
926 248 1103 303 irritato,
1151 248 1326 288 eundem
1368 248 1776 288 Wratislauiensem
1823 248 1863 288 in
1905 248 2055 289 dictam

179 319 494 370 possessionem
536 329 675 357 rerum
717 319 900 369 ipsarum
941 318 1085 357 reduci
1126 318 1434 358 sententialiter
1473 318 1777 372 decreuerunt,
1818 330 1842 357 a
1884 330 2054 370 quorum

180 389 391 427 sententia
433 399 489 427 ex
531 391 650 439 parte
693 387 985 428 olomucensis
1025 386 1192 441 prefati,
1232 391 1276 426 ut
1315 389 1378 427 sic
1418 388 1565 427 saltem
1607 391 1756 427 tenere
1797 391 1943 438 posset
1975 388 2054 427 iam

179 456 329 496 dictum
362 458 579 511 negotium
614 457 766 496 diutius
800 457 841 496 in
874 468 1098 511 suspenso,
1131 455 1205 497 suit
1230 458 1376 497 iterum
1410 461 1595 497 nostram
1619 457 1873 496 audientiam
1906 457 2054 509 appel-

179 526 318 566 latum.
384 526 528 576 Quare
578 525 797 578 sepefatus
842 526 1225 566 xvi-atislauiensis
1275 527 1500 578 episcopus
1547 526 1754 566 humiliter
1802 527 2054 581 postulabat,

178 601 222 635 ut
255 608 308 636 ne
340 600 511 648 propter
551 596 782 635 huiusmodi
816 594 990 649 diffugia
1024 596 1212 647 impediri
1248 595 1400 635 diutius
1435 596 1577 635 valeat
1602 597 1819 650 negotium
1844 596 2055 636 memorati

181 677 426 720 processuS,
460 665 685 717 prouidere
709 677 838 716 super
870 665 950 704 hoc
978 665 1030 705 de
1063 666 1330 720 benignitate
1360 665 1476 705 sedis
1510 665 1740 717 apostolice
1767 666 2054 720 dignaremur.

180 735 304 775 Licet
347 740 482 775 autem
523 747 653 786 super
694 735 911 786 premissis
960 735 1147 774 omnibns
1188 733 1338 774 fuisset
1377 747 1401 774 a
1444 735 1790 786 procuratoribus
1830 735 2054 775 antedictis

178 816 319 844 coram
354 806 546 845 auditore
585 802 751 856 prefato
785 804 937 843 diutius
981 805 1269 857 disceptatum,
1303 805 1398 855 quia
1433 808 1570 843 tamen
1612 816 1687 855 per
1720 816 1784 858 ea,
1819 815 1900 856 que
1933 803 2054 845 suere

182 875 401 926 proposita
435 886 575 914 coram
616 875 720 927 ipso,
755 874 878 923 nobis
920 885 1002 912 non
1038 874 1167 925 potuit
1207 873 1259 912 de
1300 874 1456 912 meritis
1496 885 1628 912 cause
1668 874 1842 927 liquere,
1885 885 2054 914 causam

182 943 357 982 eandem
392 943 445 982 de
481 948 795 994 procuratorum
832 943 1013 994 ipsorum
1047 954 1230 982 assensu
1265 948 1410 981 vestro
1444 943 1636 982 duximus
1670 944 1849 982 examini
1885 944 2054 983 commi-

180 1013 359 1063 tendam,
395 1013 638 1052 discretioni
674 1016 819 1051 vestre
860 1024 936 1063 per
979 1013 1213 1063 apostoliea
1254 1014 1414 1063 scripta
1456 1013 1720 1063 mandantes,
1762 1016 1968 1064 quatenus
2002 1012 2054 1052 de

178 1083 350 1120 omnium
394 1082 567 1120 iudicum
603 1082 898 1132 premissorum
933 1092 1136 1132 processu
1178 1082 1366 1135 legitime
1417 1083 1712 1137 cognoscatis,
1754 1086 1796 1121 et
1834 1082 1942 1121 illum
1986 1082 2055 1122 vel

177 1151 284 1204 illos,
310 1163 414 1203 quos
442 1151 509 1190 vel
536 1162 654 1202 quem
687 1151 739 1190 de
766 1152 856 1190 iure
883 1151 1074 1190 videritis
1094 1150 1385 1204 admittendoS,
1411 1152 1570 1203 reliquo
1595 1151 1666 1195 vel
1691 1151 1863 1203 reliquis
1888 1153 2054 1203 penitus

175 1221 362 1274 irritatis,
411 1219 619 1259 facientes
671 1221 784 1271 [sie]
832 1231 907 1271 per
957 1232 1114 1259 censui
1118 1233 1180 1259 1111
1222 1221 1558 1264 eeclesiasticam
1607 1212 1775 1260 firmiter
1817 1221 2053 1261 obsonum-i.

176 1290 244 1329 Ad
291 1290 373 1329 litis
414 1291 761 1329 contestationem
816 1288 923 1328 inira
974 1295 1152 1341 quatuor
1198 1291 1397 1329 mensium
1447 1290 1624 1341 spatium
1673 1294 1771 1341 post
1816 1292 2053 1331 citationem

176 1357 326 1399 factam
369 1372 394 1398 a
430 1359 564 1413 iobis,
607 1359 658 1398 ad
695 1359 803 1410 quod
846 1360 881 1398 si
916 1370 1100 1398 necesse
1144 1358 1268 1398 suerit
1313 1364 1455 1410 partes
1496 1360 1747 1399 auctoritate
1790 1364 1935 1400 nostra
1974 1361 2053 1401 sub

176 1430 363 1468 cuiusuis
396 1429 742 1468 contradictionis
768 1431 810 1467 et
842 1429 1134 1479 appellationis
1163 1428 1380 1468 obstaculo
1415 1429 1603 1480 compelli
1637 1429 1826 1468 volumus
1860 1433 1902 1469 et
1934 1442 2053 1470 man-

177 1497 335 1551 damus,
368 1498 557 1552 legitime
593 1498 847 1552 procedatis,
889 1498 941 1537 ad
977 1498 1230 1538 decisionem
1266 1499 1429 1553 neuotii
1470 1499 1507 1538 si
1540 1498 1592 1538 de
1617 1499 1801 1550 partium
1836 1472 2071 1564 voluntate),

177 1568 440 1619 processerit
474 1569 636 1607 ratione
671 1568 815 1618 preuia
861 1568 1118 1618 processuri.
1183 1568 1380 1619 Alioquin
1421 1579 1592 1607 causam
1626 1569 1756 1619 ipsam
1790 1567 2050 1609 sufficienter

181 1637 425 1676 instructam
460 1636 511 1675 ad
546 1637 779 1687 apostolice
805 1636 933 1677 Sedis
967 1638 1184 1676 remittatis
1213 1648 1405 1691 examen,
1440 1635 1705 1692 prefigentes
1739 1638 1928 1688 partibus
1962 1642 2054 1678 ter-

176 1707 323 1746 minum
357 1709 673 1760 competentem,
716 1718 796 1758 quo
831 1718 907 1757 per
947 1718 995 1746 se
1029 1707 1099 1746 vel
1133 1711 1433 1758 procuratores
1468 1706 1643 1746 idoneos
1686 1710 1829 1746 nostro
1863 1719 1912 1747 se
1946 1719 2053 1748 con-

176 1776 338 1826 spectui
372 1779 685 1829 representent,
726 1777 874 1815 iustam
909 1775 1034 1815 dante
1075 1776 1237 1815 domino
1272 1777 1521 1816 sententiam
1564 1781 1801 1828 recepture.
1865 1776 1913 1819 Si
1946 1788 2052 1817 vero

176 1844 227 1885 ad
253 1845 334 1884 litis
361 1846 710 1884 contestationem
730 1845 903 1896 procedi
930 1857 1012 1884 non
1033 1846 1184 1896 poterit
1208 1846 1322 1884 iuxta
1352 1846 1460 1898 quod
1480 1846 1676 1896 superius
1698 1849 1764 1885 est
1788 1857 2052 1901 expressum,

177 1925 255 1954 nec
291 1914 404 1965 [sic]
445 1926 523 1966 per
556 1916 961 1970 tergiuersationem
1000 1915 1177 1954 alicuius
1211 1913 1281 1954 fiat
1321 1915 1550 1954 huiusmodi
1595 1915 1758 1967 questio
1801 1916 2051 1971 immortalis,

175 1981 400 2037 prefigatis
448 1983 638 2034 partibus
681 1985 897 2024 terminum
944 1989 1259 2038 competentem,
1303 1997 1382 2036 quo
1433 1985 1539 2024 litem
1582 1989 1870 2025 contestature
1918 1997 1970 2026 ac
2009 1987 2053 2026 in

178 2052 325 2092 eadem
351 2064 483 2092 causa
517 2054 625 2092 sicut
651 2054 799 2092 iustum
824 2051 949 2093 suerit
975 2064 1232 2105 processure
1265 2065 1340 2105 per
1369 2065 1417 2092 se
1452 2054 1518 2093 vel
1551 2058 1851 2105 procuratores
1875 2055 2051 2095 idoneos

177 2126 449 2172 compareant
481 2133 623 2161 eoram
656 2122 791 2162 nobis.
848 2122 1005 2162 Testes
1039 2128 1175 2162 autem
1210 2123 1277 2174 qui
1311 2121 1465 2162 suerint
1497 2124 1706 2177 nominati,
1741 2124 1777 2163 si
1810 2135 1858 2163 se
1892 2125 2050 2179 gratia,

177 2189 271 2229 odio
320 2190 391 2230 vel
438 2191 583 2230 timore
639 2192 943 2246 subtraxerint,
996 2203 1073 2243 per
1118 2203 1340 2231 censuram
1388 2193 1722 2233 ecclesiasticam
1770 2194 2051 2245 appellatione

177 2263 377 2299 cessante
418 2260 674 2311 compellatis
716 2262 885 2301 veritati
926 2262 1199 2301 testimonium
1242 2261 1480 2313 perhibere.
1546 2261 1666 2310 Quod
1707 2263 1742 2301 si
1784 2275 1864 2302 non
1907 2274 2050 2303 omnes

178 2328 244 2369 1118
279 2329 543 2381 exequendis
585 2331 802 2381 potueritis
836 2332 1062 2385 interesse,
1102 2335 1144 2370 tu
1188 2329 1320 2370 frater
1361 2332 1562 2382 episcope
1602 2343 1691 2372 cum
1735 2343 1875 2371 eorum
1916 2332 2049 2372 altero

177 2409 229 2437 ea
255 2398 517 2438 nihilominus
544 2401 788 2451 exequaris.
836 2401 989 2440 Datum
1013 2400 1181 2440 Perusii
1215 2400 1311 2439 vll.
1341 2401 1432 2440 idus
1465 2401 1593 2456 ι1111111,
1620 2399 1883 2453 pontificatus
1917 2402 2049 2441 nostri

176 2479 284 2507 anno
318 2468 455 2508 tertio.

487 2551 516 2582 E
550 2551 736 2593 Regesto
765 2550 959 2594 Gregorii
984 2552 1045 2584 IX.
1075 2554 1147 2583 anni
1174 2553 1234 2583 111.
1262 2554 1357 2594 epist.
1388 2551 1453 2584 20.
1481 2554 1512 2584 in
1538 2553 1707 2584 tabulariis
1736 2553 1961 2584 Vaticanis.

1665 2608 1733 2648 28
