2212 2876
989 112 1094 182 eoo

113 284 263 326 Doblin
297 282 567 325 conferentes
607 283 698 324 iure
729 281 986 324 hereditario
1019 283 1277 336 possidenda
1316 284 1616 336 inperpetuum.
1678 283 1727 324 In
1759 283 1878 324 cuius
1910 283 1975 324 rei

109 353 361 394 euidentiam
401 356 444 393 et
479 347 709 394 firmitatem
755 351 864 392 hanc
905 357 1048 392 nostre
1094 353 1386 393 concessionis
1426 353 1626 419 paginam
1669 353 1802 393 nostri
1842 351 1976 407 sigilli

108 422 327 463 munimine
359 420 534 462 fecimus
566 422 771 462 roborari.
819 422 931 461 Acta
964 425 1061 461 sunt
1084 421 1165 461 hec
1198 423 1238 461 in
1270 422 1370 476 Igla
1395 434 1504 461 anno
1539 412 1741 461 dominice
1773 421 1975 461 incarna-

108 491 233 532 tionis
274 488 402 531 MCC
406 491 638 531 XXXIIII
677 493 719 530 in
758 491 972 541 presentia
1020 490 1212 530 nobilium
1251 494 1367 530 terre
1412 494 1557 529 nostre
1600 501 1772 544 quorum
1810 490 1977 529 nomina

109 564 218 600 sunt.
252 561 344 599 Ben
377 559 637 614 burgrauius
671 559 723 598 de
756 559 944 610 Znoy.m
972 559 1210 598 Pribizlaus
1250 555 1539 613 burffglauius
1553 558 1605 598 de
1647 543 1976 599 Gradec.fi'ii1'1s

111 629 319 681 Pyrcose.
362 629 574 670 Stiborius
616 629 876 682 burgrauius
919 628 971 667 de
1004 628 1204 667 bVeueri.
1239 625 1384 679 [731110
1425 619 1610 680 dapifer.
1632 621 1847 679 Lupoldus
1880 627 1976 678 pin-

110 710 254 739 cerna.
295 699 498 739 A·lbe1tus
532 696 744 750 prefectus
785 698 838 737 de
870 697 1088 737 Vranoue.
1129 696 1317 737 Beneda.
1357 696 1554 748 XVoyteh
1595 694 1700 736 filius
1733 695 1976 736 Ymrammi.

111 767 256 807 Tazzo
297 760 349 807 de
383 753 642 807 Budizhoue
684 770 727 806 et
759 767 826 806 alii
870 777 989 818 quam
1023 766 1179 817 plu1·.es
1242 766 1397 806 Datum
1439 776 1583 805 mense
1616 764 1867 817 Septembri.
1901 765 1976 804 In-

111 837 290 879 dictione
323 836 420 876 Vll.

422 948 477 980 Ex
500 947 695 988 originali
718 949 749 980 in
773 947 909 978 archivo
934 946 1230 981 Tischnovicii.
1253 966 1296 971 -
1318 946 1613 989 Apographum
1636 946 1667 977 in
1690 943 1808 978 c'odice
1831 945 1978 977 Tisch-

526 1008 764 1031 now1ccnsi.

919 1156 954 1199 C
960 1157 995 1199 C
1001 1159 1182 1199 XLVII.

116 1264 331 1318 premysl,
372 1265 564 1306 marchio
595 1266 833 1317 Morariae,
875 1265 934 1305 ad
959 1267 1197 1318 petitionem
1236 1266 1400 1305 sororis
1432 1277 1539 1305 suae
1574 1264 1749 1316 Afflictis
1782 1262 1982 1316 hospitali

112 1347 146 1375 ε.
180 1336 413 1376 Franciscz·
448 1335 627 1386 Proque
658 1336 803 1374 villam
844 1330 1033 1377 Rakfszce
1071 1336 1115 1374 in
1148 1335 1350 1374 Morcwia
1384 1334 1560 1386 confert,
1595 1345 1766 1385 eamque
1806 1331 1979 1371 liberta-

279 1403 387 1443 tibus
419 1403 557 1443 donat.
623 1405 695 1444 m.
728 1403 845 1456 apud
875 1404 1085 1455 Praqam,
1117 1403 1198 1443 IV.
1231 1404 1379 1445 ΝΟηα-ε·
1413 1401 1621 1454 octobris,
1662 1401 1814 1441 1234.

242 1496 304 1558 In
336 1516 501 1555 nomine
540 1519 690 1555 sancte
723 1515 940 1555 Trinitatis
981 1519 1023 1555 et
1054 1515 1267 1554 indiuidue
1305 1514 1489 1554 unitatis.
1558 1514 1660 1567 Ego
1702 1511 1881 1552 Premizl
1915 1511 1984 1552 dei

115 1586 259 1640 gratia
292 1585 488 1625 Marchio
521 1585 718 1625 Moravie
752 1584 947 1636 hospitali
981 1586 1116 1624 sancti
1142 1584 1361 1623 Francisci
1395 1587 1436 1622 et
1469 1582 1726 1634 pauperibus
1761 1582 1803 1621 in
1837 1581 1984 1621 eodem

114 1655 470 1694 commanentibus
502 1654 543 1693 in
576 1657 833 1705 perpetuum.
882 1651 984 1694 Cum
1019 1653 1172 1693 deceat
1204 1652 1475 1704 principalem
1507 1649 1822 1692 munificentiam
1853 1650 1982 1704 large

115 1723 260 1775 pluere
293 1721 514 1777 beneficia7
547 1723 696 1775 quibus
729 1735 813 1762 non
844 1726 999 1761 tantum
1032 1722 1276 1773 suppleatur
1309 1732 1534 1773 pauperum
1566 1721 1719 1773 inopia⁷
1751 1719 1827 1758 sed
1861 1719 1982 1758 etiam

115 1791 264 1844 quibus
304 1791 600 1846 religiosorum
641 1791 906 1843 propulsetur
947 1792 1200 1845 necessitas7
1243 1791 1376 1830 visum
1414 1788 1489 1829 suit
1530 1792 1673 1828 nostre
1714 1788 1981 1842 benignitati,

119 1860 334 1912 quamdam
368 1861 519 1914 villam,
546 1859 737 1901 Raksice
768 1860 931 1900 nomine
955 1861 994 1900 in
1020 1865 1163 1900 nostro
1191 1860 1490 1900 Marchionatu
1514 1860 1647 1912 sitam,
1678 1870 1769 1897 cum
1794 1857 1982 1897 omnibus

116 1929 380 1982 appendiciis
427 1930 531 1984 suis,
571 1930 717 1984 pratis,
766 1930 952 1983 pascuis7
993 1929 1126 1982 siluis,
1175 1929 1313 1983 agris,
1355 1929 1488 1981 aquis,
1530 1931 1665 1978 tempe
1715 1929 1757 1965 et
1796 1925 1983 1965 omnibus

116 1998 347 2038 huiusmodi
386 1999 662 2052 pertinentiis,
705 2009 786 2050 que
824 1999 1049 2038 retroactis
1081 1998 1336 2048 temporibus
1377 1996 1627 2036 dederamus
1667 1995 1814 2034 illustri
1846 1996 1983 2035 sorori

117 2070 261 2106 nostre
301 2067 465 2121 Agneti
498 2067 673 2121 virgini,
716 2078 796 2119 que
829 2078 880 2107 se
922 2067 1017 2106 Deo
1051 2067 1193 2106 statuit
1233 2066 1392 2119 dicare,
1432 2076 1489 2104 ex
1522 2065 1613 2104 eius
1645 2065 1844 2115 petitione
1877 2075 1983 2103 con-

117 2135 280 2175 tulimus
312 2135 507 2187 hospitali
530 2136 583 2175 ab
618 2148 670 2176 ea
694 2134 863 2176 fundato
896 2137 1060 2190 Prage,
1089 2135 1141 2174 ad
1175 2146 1278 2174 usus
1304 2138 1529 2186 pauperum
1562 2134 1617 2172 ibi
1651 2133 1983 2173 commorantium

118 2204 402 2245 necessarios.
465 2205 733 2246 Absoluimus
774 2209 909 2245 autem
957 2205 1094 2244 villam
1137 2204 1242 2243 illam
1282 2203 1335 2242 ab
1377 2203 1483 2242 omni
1524 2203 1627 2256 iure,
1670 2202 1779 2254 quod
1818 2204 1982 2253 spectat

118 2273 169 2314 ad
204 2284 306 2314 usus
337 2274 580 2328 principum,
613 2274 705 2313 siue
738 2274 778 2313 in
812 2274 917 2328 iure,
951 2273 1060 2326 quod
1094 2273 1215 2312 datur
1255 2271 1307 2310 de
1341 2272 1478 2322 capite
1510 2271 1580 2310 vel
1613 2270 1766 2323 Zwod7
1799 2270 1869 2309 vel
1903 2281 1977 2320 pro

118 2340 225 2396 fure,
276 2342 344 2382 vel
393 2353 652 2394 quocumque
697 2342 816 2382 modo
857 2346 1023 2394 spectat
1069 2341 1124 2381 ad
1172 2341 1386 2380 vtilitatem
1427 2340 1656 2391 principum
1706 2343 1747 2379 et
1796 2339 1980 2392 aliorum,

124 2407 204 2466 qui}
235 2411 366 2451 castri
405 2413 551 2450 tenent
588 2409 806 2450 beneficia.
869 2411 1019 2451 Nullus
1066 2414 1204 2450 autem
1250 2410 1455 2461 inquietet
1495 2420 1584 2448 eam
1625 2420 1700 2459 pro
1750 2411 1982 2447 castrorum

119 2477 398 2533 edificatione,
438 2478 508 2518 vel
557 2479 777 2518 imminenti
819 2479 1103 2533 expeditione„
1151 2481 1193 2518 et
1231 2478 1268 2517 si
1307 2477 1360 2517 de
1399 2477 1546 2518 Narok
1589 2475 1658 2517 fiet
1697 2477 1873 2529 questio,
1913 2475 1981 2515 illa
2030 2463 2034 2468 ’

119 2558 252 2588 causa
293 2550 499 2588 tractetur
537 2559 678 2587 coram
716 2548 826 2587 illius
858 2547 957 2587 ville
996 2550 1286 2600 procuratore,
1319 2557 1438 2600 quem
1481 2548 1730 2598 procurator
1761 2544 1980 2596 hospitalis
