2212 2876
1010 118 1114 160 313

131 263 325 304 concedit
374 264 647 302 maiestatem.
709 261 778 302 Ad
826 262 945 302 cuius
984 263 1048 302 rei
1093 263 1329 302 memoriam
1371 273 1552 314 presens
1594 263 1791 314 scriptum
1830 261 1918 304 fieri
1959 255 2003 304 et

130 333 272 387 sigillo
306 333 536 372 maiestatis
569 334 715 371 nostre
748 332 945 371 iussimus
970 333 1222 372 communiri.
1271 332 1425 372 Datum
1454 332 1565 384 apud
1590 333 1833 388 Augustam
1855 333 2008 392 XVII.-

128 402 257 442 Junii.
292 402 432 442 Vllll.
466 401 713 440 Indictione.

440 514 613 546 Wiener
647 512 917 545 Jahrbiicher
945 513 1020 545 XL.
1047 511 1134 545 137.

923 701 1210 745 CCLXXIII.

134 811 425 864 {Vena-eslans,
457 823 542 851 rem
573 812 846 863 Boemorum,
881 811 1103 865 confirmat
1131 813 1388 852 monasterio
1423 811 1718 853 Oslowcmensz·
1750 812 1948 854 donatum
1973 827 2000 855 a

124 880 264 933 [ναῖ’-ε
302 893 380 920 suo
418 876 635 933 P5·emysl,
677 881 924 920 marchione
965 882 1203 933 Mon-ariae,
1231 882 1312 934 jus
1350 884 1600 934 patronatus
1642 883 1918 924 ecclesiarum
1957 885 2002 924 in

187 950 310 990 Nora
343 951 523 990 ecclesia
556 953 595 990 el
625 951 668 989 in
699 949 916 990 Moleelno.
996 951 1155 990 Datum
1190 950 1306 1003 apud
1348 950 1512 1003 Camilc,
1540 951 1684 1004 pridie
1715 943 1942 993 Kalendas¹
1978 947 2013 979 Ὗ

490 1011 515 1026 ’”’
874 1010 1037 1071 'domic'9
1073 1018 1226 1058 1236.
2005 1021 2013 1031 “

257 1112 317 1174 In
351 1131 513 1170 nominc
545 1130 707 1172 Sancte
741 1134 783 1171 et
814 1130 1026 1171 indiuiduo
1059 1131 1256 1182 trinitatis
1289 1143 1422 1171 amen.
1477 1132 1568 1172 Nos
1600 1132 1900 1174 Wencezlaus
1932 1133 2003 1175 dei

125 1202 280 1256 gracia
321 1199 506 1248 Quartus
546 1200 823 1240 Bohemorum
863 1200 963 1239 Rex
1002 1201 1217 1240 Vniuersis
1258 1204 1337 1241 tam
1376 1202 1648 1252 presentibus
1689 1214 1810 1254 quam
1849 1201 2001 1243 futuris

125 1269 204 1310 hos
242 1271 387 1321 apices
428 1270 686 1320 inspecturis
729 1270 769 1308 in
810 1269 958 1308 salutis
998 1273 1174 1310 auctore
1213 1270 1402 1309 salutem.
1465 1271 1672 1311 Actiones
1714 1283 1794 1323 que
1837 1273 2000 1313 ratione

125 1340 294 1390 pietatis
334 1350 530 1392 congrue
571 1350 621 1378 ac
663 1339 770 1377 iuste
817 1336 916 1378 fiunt
956 1349 1013 1378 ex
1055 1339 1278 1379 deuotione
1318 1352 1393 1391 pro
1435 1338 1607 1381 Christo
1648 1344 1692 1380 ut
1730 1341 1906 1381 stabiles
1948 1353 2000 1382 ac

125 1406 239 1448 firme
272 1410 546 1459 permaneant
577 1409 868 1447 necessarium
901 1411 943 1447 et
966 1408 1126 1448 decens
1160 1412 1226 1448 est
1256 1413 1300 1449 ut
1331 1409 1477 1461 scripti
1507 1410 1704 1449 memoria
1737 1410 1788 1450 ad
1823 1422 2000 1462 repres-

126 1478 287 1518 sionem
318 1477 444 1516 totius
472 1477 705 1528 calumpnie
739 1475 1045 1517 confirmentur.
1092 1478 1204 1517 Hinc
1229 1482 1296 1517 est
1324 1478 1433 1530 quod
1459 1477 1783 1533 significandum
1808 1479 1999 1520 duximus

127 1546 346 1586 vniuersis
381 1546 489 1597 quod
518 1558 594 1585 nos
628 1546 795 1600 largam
821 1546 1082 1586 donationem
1108 1546 1316 1586 Premizel
1341 1545 1484 1587 fratris
1506 1549 1638 1587 nostri
1670 1549 1841 1588 illustris
1874 1549 2001 1591 Mar-

126 1615 289 1655 chionis
322 1614 520 1654 Morauie
553 1626 682 1666 super
713 1615 820 1655 Jure
855 1619 1100 1666 patronatus
1134 1616 1409 1656 ecclesiarum
1441 1616 1639 1657 uidelicet
1671 1628 1780 1657 noue
1813 1612 2000 1659 ecclesie

125 1685 207 1725 site
229 1685 270 1723 in
295 1685 481 1723 terminis
507 1685 702 1736 oppavie.
730 1688 772 1724 et
799 1684 851 1724 (le
874 1684 1036 1724 Moliiln
1061 1685 1245 1725 ecclesie
1279 1687 1393 1725 circa
1421 1687 1551 1737 ipsum
1576 1687 1801 1726 claustrum
1826 1686 2001 1728 Oslawa

124 1756 207 1793 site
247 1753 358 1793 dicto
399 1754 576 1792 cenobio
620 1754 659 1792 in
703 1753 876 1794 Oslawa
923 1757 965 1793 et
1004 1754 1082 1793 deo
1126 1754 1275 1794 ibidem
1326 1754 1620 1796 famulantibus
1654 1754 1751 1808 jure
1792 1752 2000 1808 perhenni

128 1821 428 1863 confirmamus.
468 1826 512 1862 ut
545 1822 700 1862 exinde
743 1834 886 1862 earum
919 1824 1059 1873 inopie
1100 1823 1395 1876 aliquantulum
1428 1825 1713 1876 prouideatur.
1777 1825 1845 1865 Ad
1879 1827 1999 1866 cuius

125 1892 188 1932 rei
231 1891 495 1931 evidenciam
544 1896 587 1931 et
626 1895 871 1943 perpetuam
919 1892 1185 1932 stabilitatem
1233 1905 1286 1933 ne
1332 1894 1586 1945 inposterum
1636 1905 1765 1946 super
1809 1895 2028 1946 predicta:

125 1961 351 2001 donatione
385 1965 427 2000 et
459 1958 770 2000 confirmatione
804 1974 829 2000 a
862 1961 1060 2016 malignis
1094 1962 1369 2017 malignorum
1402 1963 1607 2003 hominum
1639 1964 1999 2018 suggestionibus

124 2029 264 2082 aliqua
304 2030 436 2080 possit
475 2030 707 2081 calumpnia
748 2030 929 2070 suboriri
971 2038 1150 2082 presens
1190 2033 1388 2082 scriptum
1429 2033 1560 2087 sigilli
1601 2034 1733 2072 nostri
1775 2037 1999 2074 caractere

125 2099 319 2138 iussimus
353 2099 565 2152 insigniri.
628 2099 740 2138 Acta
771 2103 868 2139 sunt
907 2099 988 2138 hec
1021 2112 1131 2140 anno
1166 2100 1370 2141 dominice
1410 2103 1726 2142 incarnationis.
1759 2103 1998 2143 Millesimo.

124 2167 440 2207 Ducentesimo.
481 2167 713 2207 'Pi-icesimo
754 2168 903 2209 Sexto.
967 2169 1122 2209 Datum
1171 2170 1282 2222 apud
1322 2168 1469 2212 Camik
1509 2183 1586 2223 per
1633 2184 1794 2212 manum
1834 2172 1998 2213 Notarii

125 2235 346 2276 wilhelmi
381 2235 514 2287 pridie
545 2237 767 2276 Kalendas
799 2238 913 2277 Julii.

435 2353 491 2385 Ex
513 2353 706 2396 originali
743 2353 893 2396 ejusdem
920 2356 1119 2388 monasterii.

1612 2609 1681 2649 40
