2212 2876
1049 264 1194 304 XVII.

194 365 472 415 Wladislaus,
499 350 705 403 >marchio
745 360 983 410 Mor-ariae,
1032 358 1198 398 ordinis
1236 369 1270 396 s.
1313 356 1499 397 Jocmm's
1532 354 1912 407 Hierosolymitam·
1952 352 2060 393 bona

297 436 343 474 in
374 433 574 474 Moravia
607 431 657 471 ab
690 431 803 470 omni
834 440 962 469 onere
994 431 1032 467 et
1050 426 1354 480 jurisdictione
1387 425 1534 465 laicali
1565 425 1724 463 earimit.
1796 423 1949 464 1204.

318 519 378 580 In
419 538 582 577 nomine
624 538 773 574 sancte
811 532 1009 573 trinitatis
1051 535 1093 570 et
1132 528 1343 569 indiuidue
1386 528 1568 568 unitatis.
1638 528 1741 581 Ego
1800 526 2060 567 I‘Vatiszlctus

189 608 257 648 dei
291 608 444 662 gracia
473 605 656 645 marchio
690 603 900 643 Morauie.
952 599 1056 642 Cum
1082 601 1121 639 in
1154 598 1342 651 presenti
1375 598 1467 637 laus
1492 598 1546 636 sit
1580 597 1808 648 principum
1832 599 1875 635 et
1906 597 2061 651 gloria.

189 679 391 730 quociens
425 676 724 729 religiosorum
756 673 867 712 bona
899 671 1096 710 libertate
1137 668 1341 723 gaudent.
1377 671 1419 706 et
1461 669 1626 706 sumunt
1658 667 1930 705 incrementa.
1962 665 2062 705 inde

188 752 326 787 tamen
359 749 453 797 post
485 745 607 784 huius
636 743 722 782 uite
755 753 921 781 cursum
955 751 1097 780 eorum
1122 741 1425 790 perpetuantur
1456 737 1574 777 tituli.
1609 740 1650 776 et
1682 735 1821 791 fulget
1852 735 2063 775 memoria.

190 828 240 855 eo
276 815 384 867 quod
417 826 492 865 pro
535 813 730 852 libertate
764 810 816 850 ad
860 812 1103 849 momentum
1136 818 1360 847 concessa.
1402 807 1524 846 datur
1555 806 1731 845 libertas
1770 808 1988 857 perpetua.
2022 807 2065 844 et

190 898 266 937 pro
301 884 458 924 tantillo
493 883 652 921 semine
679 880 868 920 redditur
900 877 1060 918 fructus
1095 889 1185 916 cum
1218 888 1362 916 usura.
1412 874 1516 917 Cum
1542 876 1676 930 igitur
1700 875 1841 914 inclite
1865 873 2062 914 memorie

189 959 311 1006 pater
344 956 489 992 noster
529 951 701 990 illustris
739 961 821 988 rex
853 948 1092 988 boemorum
1134 946 1366 1000 religiosas
1410 944 1551 984 domos
1592 945 1772 984 libenter
1811 941 2063 983 fundauerit.

191 1028 232 1063 et
274 1033 441 1074 semper
481 1020 739 1072 prouexerit.
777 1021 973 1057 tenentur
1013 1015 1082 1055 lilii
1121 1015 1314 1054 industrii
1352 1015 1451 1054 boni
1497 1014 1630 1065 patris
1672 1013 1818 1052 imitari
1858 1014 2063 1067 uestigia.

191 1098 233 1132 et
265 1093 354 1131 suis
388 1094 481 1142 post
513 1101 562 1129 se
595 1088 920 1128 successoribus
955 1086 1121 1136 pietatis
1156 1085 1397 1135 relinquere
1431 1083 1638 1134 exempla.
1678 1083 1887 1122 Nouerint
1919 1083 2062 1133 itaque

190 1166 272 1202 tam
299 1164 524 1213 presentes
553 1169 673 1210 quam
699 1156 837 1196 futuri.
872 1155 982 1208 quod
1013 1166 1100 1209 ego
1130 1153 1398 1194 watiszlaus
1427 1152 1611 1192 marchio
1635 1152 1832 1192 Morauie
1849 1151 2060 1204 frutribus·

192 1230 342 1270 domus
375 1229 598 1281 hospilalis
630 1228 766 1267 scmctz·
798 1225 996 1266 iohannis
1029 1223 1215 1276 baptiste.
1247 1225 1404 1262 tantam
1437 1223 1478 1261 in
1511 1223 1747 1273 principatu
1780 1225 1923 1261 nostro
1958 1233 2065 1260 con-

190 1301 355 1340 tulimus
387 1299 623 1338 libertatem
655 1300 699 1335 ut
732 1296 858 1335 liceat
880 1295 942 1334 eis
976 1294 1018 1333 in
1051 1303 1325 1345 quascunque
1352 1291 1616 1331 hereditates
1649 1303 1750 1330 suas
1783 1291 1927 1331 locare
1961 1302 2081 1343 quos·

192 1369 401 1409 noluerint
427 1369 483 1407 ita
515 1370 559 1405 ut
590 1365 731 1405 uocati
764 1366 855 1404 iure
888 1364 1220 1403 theutonicorum
1253 1362 1393 1414 quiete
1427 1364 1469 1400 et
1501 1362 1593 1400 sine
1625 1361 1852 1400 uexatione
1884 1363 2066 1400 utantur.

193 1439 458 1479 Exactiones
497 1437 539 1475 in
578 1435 732 1474 tributo
773 1437 888 1473 terre
936 1437 978 1473 et
1017 1443 1160 1472 omnes
1209 1431 1314 1470 alias
1356 1431 1411 1470 ad
1456 1441 1560 1469 usus
1601 1433 1771 1469 nostros
1818 1433 2066 1481 spectantes

194 1507 475 1561 indulgemus.
509 1504 587 1544 sed
619 1504 806 1543 habeant
833 1504 873 1542 in
908 1502 1094 1541 omnibus
1128 1501 1236 1540 sicut
1262 1499 1421 1539 habent
1452 1499 1682 1540 theutonici
1715 1510 1908 1538 securam
1924 1494 2065 1553 {liber-

192 1580 318 1616 tatem
353 1576 415 1614 ius
448 1574 599 1615 stabile
634 1577 675 1613 et
715 1571 881 1612 firmum.
923 1571 1152 1613 secundum
1185 1569 1296 1622 quod
1334 1567 1491 1608 fratres
1531 1580 1620 1608 cum
1662 1569 1725 1608 eis
1768 1568 2067 1608 ordinauerint.

195 1646 255 1685 Vt
288 1649 424 1684 autem
456 1643 566 1683 istud
594 1641 742 1682 suturis
775 1641 1031 1692 temporibus
1056 1644 1190 1679 ratum
1223 1642 1265 1679 et
1288 1639 1583 1678 inconcussum
1607 1641 1862 1689 permaneat.
1894 1635 2068 1677 fecimus

193 1715 303 1754 hanc
345 1715 544 1767 paginam
582 1716 725 1752 nostro
767 1711 910 1765 sigillo
944 1710 1155 1764 insigniri.
1199 1712 1242 1748 et
1279 1708 1413 1747 multis
1455 1707 1648 1747 testibus.
1690 1718 1861 1758 quorum
1903 1707 2068 1747 nomina

195 1787 292 1823 sunt
324 1783 566 1834 subscripta
600 1782 760 1821 muniri.
825 1780 1073 1831 Quicunque
1106 1782 1243 1818 autem
1276 1778 1317 1817 in
1344 1777 1533 1828 presenti
1565 1777 1633 1816 uel
1667 1777 1709 1815 111
1741 1775 1878 1816 futuro
1912 1774 2067 1815 fratres

196 1865 326 1904 super
356 1853 436 1892 hoc
462 1852 710 1891 turbauerit.
741 1850 862 1890 deum
891 1849 1010 1888 cuius
1039 1851 1135 1887 sunt
1160 1848 1277 1887 serui
1309 1858 1401 1885 cum
1428 1846 1553 1886 beato
1586 1845 1784 1885 Johanne
1810 1849 1852 1885 et
1879 1845 2067 1885 omnibus

195 1923 356 1963 sanctis
390 1922 470 1961 sibi
505 1922 659 1961 sentiat
692 1920 928 1959 aduersum.
992 1918 1068 1957 Isti
1108 1920 1205 1956 sunt
1236 1919 1385 1956 testes.
1418 1915 1664 1956 Rvobertus
1704 1915 1929 1966 episcopus
1964 1914 2068 1955 Olo-

196 1993 423 2032 mucensis.
456 1991 651 2030 Vulcech
676 1989 947 2029 camerarius.
979 1986 1160 2027 Detrich
1194 1985 1440 2027 Grutouich.
1471 1982 1606 2024 frater
1639 1983 1825 2024 eiusdem
1858 1983 2068 2025 Sdislaus.

198 2062 327 2100 Vers.
361 2061 537 2100 Prebor.
572 2059 771 2100 Onsouic.
804 2058 943 2097 Veliz.
976 2056 1168 2096 Ratibor.
1203 2054 1376 2096 Oldrich
1417 2053 1729 2094 Oldrichouich.
1762 2052 1864 2095 Smil
1898 2052 2069 2094 Ondre-

198 2130 348 2171 iouich.
383 2130 588 2169 Vvssata.
628 2128 760 2170 Sdon.
799 2128 952 2167 Jurata
984 2137 1075 2165 cum
1116 2123 1210 2165 filio.
1273 2124 1331 2166 Ut
1362 2127 1498 2163 autem
1537 2123 1744 2174 premissa
1776 2125 1869 2163 rata
1900 2134 2070 2174 perma—

198 2204 339 2241 neant.
366 2210 453 2253 ego
482 2199 709 2238 Robertus.
738 2196 1030 2238 Olomucensis
1057 2195 1282 2247 episcopus
1308 2204 1365 2233 ex
1395 2193 1596 2244 petitione
1622 2192 1774 2232 domini
1798 2191 2068 2232 marchionis.

199 2269 447 2309 auctoritate
487 2267 776 2318 omnipotentis
817 2266 884 2305 dei
932 2269 974 2305 et
1014 2267 1256 2304 sanctorum
1301 2262 1584 2314 apostolorum
1625 2261 1744 2301 Petri
1788 2266 1830 2302 et
1865 2261 1988 2301 Pauli
2027 2264 2071 2302 et

199 2344 344 2378 nostra
368 2347 664 2389 quemcumque
685 2347 814 2387 super
837 2335 918 2374 hoc
941 2332 1096 2374 fratres
1122 2332 1343 2384 hospitalis
1367 2331 1602 2372 turbantem
1620 2331 2068 2371 excommunicauimus

201 2408 252 2446 ad
287 2407 430 2446 horum
463 2406 739 2446 testimonium
770 2405 959 2456 presenti
983 2404 1140 2455 scripto
1174 2405 1361 2442 nostrum
1382 2400 1567 2456 sigillum
1600 2401 1885 2452 inprimentes.
1919 2403 1961 2440 et
1992 2411 2071 2451 per

201 2477 335 2516 onmia
368 2475 611 2527 supradicta
644 2472 950 2514 confirmantes.

512 2566 565 2598 Ex
590 2565 783 2607 originali
808 2566 838 2596 in
862 2565 998 2596 archivo
1024 2564 1306 2596 Melitensium
1332 2562 1474 2604 pragae.
1499 2563 1589 2594 luter
1612 2561 1787 2603 privilegia
1811 2571 1841 2593 n.
1866 2560 1963 2592 XXI.
