2212 2876
1074 106 1179 146 222

187 254 350 293 cionem
391 249 740 293 Cisterciensium
780 248 952 289 fratrum
995 249 1035 288 in
1076 248 1223 289 eodem
1265 249 1520 288 monasterio
1554 249 1764 288 institutus
1805 260 1905 288 esse
1940 248 2063 288 dino-

187 323 332 376 scitur,
380 322 595 373 perpetuis
644 304 795 359 ibidem
851 319 1108 370 temporibus
1157 318 1456 358 inviolabiliter
1514 318 1783 358 observetur.
1856 319 2064 358 Preterea

188 402 463 443 quascunque
490 390 806 442 possessiones,
832 399 1083 440 quecunque
1108 388 1220 428 bona
1248 388 1354 427 idem
1380 388 1675 428 monasterium
1705 389 2065 438 impresentiarum

188 461 297 499 iuste
331 472 382 499 ac
407 460 611 499 canonice
640 459 844 511 possidet,
871 462 943 497 aut
966 458 1007 496 in
1033 455 1210 497 futurum
1235 458 1518 496 concessione
1551 454 1798 510 pontificum,
1827 457 2066 511 largicione

188 541 341 583 regum
375 529 443 568 vel
486 529 729 581 principum,
764 528 986 566 oblacione
1027 525 1219 580 fidelium,
1259 537 1338 566 seu
1379 527 1471 565 aliis
1513 527 1634 565 iustis
1674 526 1806 565 modis
1847 529 2066 577 prestante

188 599 352 638 domino
388 600 542 649 poterit
567 598 758 651 adipisci,
793 596 904 636 firma
931 597 1054 636 vobis
1088 600 1131 636 et
1155 597 1218 636 eis
1252 607 1333 648 que
1361 596 1486 635 vobis
1520 597 1812 635 successerint
1845 599 1887 635 et
1911 596 2066 636 illibata

187 672 475 720 permaneant.
516 668 564 707 In
599 667 749 719 quibus
783 667 862 706 hec
897 666 1078 717 propriis
1112 666 1304 705 duximus
1338 665 1614 716 exprimenda
1640 665 1876 704 vocabulis.
1908 665 2068 705 Locum

187 738 332 790 ipsum,
374 739 415 776 in
456 748 536 789 quo
579 734 784 788 prefatum
828 736 1124 775 monasterium
1165 735 1285 773 situm
1320 738 1400 788 est,
1441 746 1532 773 cum
1572 734 1761 774 omnibus
1803 735 2067 785 pertinentiis

187 809 288 846 suis.
322 807 457 845 Babiz
490 818 580 846 cum
614 807 887 857 pertinenciis
915 806 1017 844 suis.
1043 804 1332 844 Lechcowicz
1365 815 1456 843 cum
1482 804 1746 854 pertinentiis
1779 805 1882 843 suis.
1916 804 2067 845 Glanl-

189 874 356 915 vistortl'
383 887 473 914 cum
507 876 770 927 pertinentiis
803 876 905 913 suis.
952 875 1151 913 Narmicz
1185 885 1275 913 cum
1310 874 1574 924 pertinentiis
1608 873 1711 912 suis.
1759 873 2067 915 Slicelescliicz

188 956 279 984 cum
312 946 587 995 pertinenciis
621 946 722 984 suis.
756 944 1056 984 Milocliowicz
1090 955 1180 982 cum
1214 943 1488 993 pertinenciis
1515 943 1617 981 suis.
1652 943 1940 982 Vsechowicz
1974 954 2064 982 cum

188 1015 464 1065 pertinenciis
505 1015 607 1054 suis.
649 1014 863 1053 Hrudsicli
904 1025 995 1052 cum
1037 1013 1312 1063 pertinenciis
1352 1013 1454 1051 suis.
1498 1012 1662 1051 vineas
1703 1013 1743 1051 in
1784 1012 1905 1052 Luca
1947 1013 2066 1066 sitas,

190 1086 493 1133 possessiones
547 1083 599 1123 de
632 1083 768 1123 Zelub
821 1094 911 1122 cum
944 1082 1221 1134 pertinenciis
1262 1083 1351 1120 suis
1400 1085 1443 1121 et
1483 1082 1547 1121 ius
1591 1085 1837 1132 patronatus
1880 1081 2067 1122 ecclesie

189 1154 325 1191 sancti
359 1153 514 1192 Jacobi
555 1154 597 1193 in
629 1154 789 1207 Bruna,
830 1163 920 1192 cum
954 1153 1101 1205 pratis,
1135 1151 1288 1205 vineis,
1329 1152 1471 1204 terris,
1505 1151 1758 1205 nemoribuS,
1792 1151 1990 1205 usuagiis
2025 1155 2067 1191 et

188 1223 362 1272 pascuis
396 1223 435 1261 in
469 1223 600 1262 bosco
635 1225 678 1262 et
719 1223 858 1276 plane,
899 1222 940 1261 in
974 1222 1111 1274 aquis,
1144 1220 1407 1274 molendinis,
1443 1221 1482 1259 in
1514 1221 1596 1260 viis
1638 1224 1680 1260 et
1712 1221 1870 1260 semitis
1905 1224 1947 1260 et
1979 1233 2066 1260 om-

189 1291 312 1329 nibus
346 1292 439 1330 aliis
472 1280 738 1331 libertatibus
772 1294 814 1330 et
847 1291 1165 1330 immunitatibus
1199 1290 1303 1328 suis.
1367 1289 1487 1330 Sane
1519 1289 1708 1329 laborum
1742 1294 1980 1330 vestrorum
2013 1290 2067 1329 de

190 1361 554 1417 possessionibus,
597 1360 753 1400 habitis
795 1364 894 1400 ante
938 1360 1156 1399 concilium
1199 1359 1426 1414 generale,
1470 1370 1522 1398 ac
1563 1360 1685 1399 etiam
1727 1360 1950 1413 novalium,
1985 1371 2067 1412 que

189 1416 637 1483 propriis-'sumptibus
671 1430 806 1469 colitis
840 1430 934 1469 sive
968 1429 1021 1469 de
1055 1429 1203 1483 hortis,
1236 1429 1438 1484 virgultis
1472 1432 1514 1468 et
1546 1429 1862 1480 piscacionibus
1896 1429 2068 1482 vestris,

189 1498 260 1538 vel
304 1499 356 1538 de
396 1503 634 1539 vestrorum
674 1499 907 1538 animalium
940 1499 1202 1538 nutrimentis
1244 1499 1380 1538 nullus
1421 1511 1446 1538 a
1480 1498 1603 1537 vobis
1643 1498 1830 1538 decimas
1865 1499 2066 1553 exigere,

189 1568 259 1606 vel
293 1572 551 1620 extorquere
586 1573 812 1620 presumat.
876 1568 1030 1608 Liceat
1063 1579 1230 1620 quoque
1264 1569 1386 1607 vobis
1427 1579 1636 1619 personas
1669 1568 1829 1607 liberas
1863 1571 1905 1607 et
1937 1568 2068 1607 abso-

185 1637 299 1686 ,lutas
334 1648 357 1677 e
391 1639 537 1677 seculo
571 1636 790 1692 fugientes
817 1638 870 1677 ad
904 1639 1228 1677 conversionem
1259 1638 1469 1691 recipere,
1504 1648 1555 1675 ac
1589 1648 1666 1676 eas
1700 1637 1862 1689 absque
1896 1641 2068 1676 contra-

192 1707 374 1747 dictione
408 1708 546 1759 aliqua
581 1709 782 1747 retinere.
846 1707 1123 1746 Proliibemus
1165 1708 1351 1760 insuper,
1385 1710 1429 1746 ut
1469 1706 1565 1746 nulli
1600 1718 1789 1746 sororum
1831 1711 2068 1746 vestrarum

192 1780 287 1826 post
319 1775 469 1816 factam
511 1777 553 1815 in
586 1777 839 1816 monasterio
881 1780 1027 1817 vestro
1062 1774 1369 1828 professionem
1412 1773 1477 1814 sas
1511 1776 1566 1815 sit
1606 1777 1698 1815 sine
1738 1776 1957 1815 abbatisse
1990 1786 2067 1815 sue

190 1845 369 1884 licencia
410 1846 463 1885 de
503 1847 651 1885 eodem
691 1847 784 1886 loco
827 1846 1066 1899 discedere,
1110 1846 1397 1885 discedentem
1447 1856 1552 1884 vero
1596 1845 1759 1896 absque
1799 1845 2066 1884 communium

190 1913 419 1954 litterarum
452 1919 690 1954 vestrarum
725 1916 935 1969 cautione,
970 1915 1105 1954 nullus
1147 1914 1302 1954 audeat
1334 1915 1534 1953 retinere.
1596 1913 1702 1952 Illud
1736 1913 1966 1953 districtius
2001 1915 2068 1952 in-

192 1982 401 2038 hibentes,
436 1997 488 2024 ne
521 1990 664 2024 terras
698 1996 775 2024 seu
810 1985 1024 2037 quodlibet
1046 1982 1292 2023 beneficium
1326 1983 1511 2022 ecclesie
1538 1987 1684 2022 vestre
1719 1983 1910 2022 collatum
1944 1983 2069 2022 liceat

192 2052 315 2091 alicui
356 2055 638 2104 personaliter
680 2055 786 2108 dari,
827 2055 921 2094 sive
964 2054 1043 2093 alio
1077 2053 1195 2093 modo
1236 2053 1412 2092 alienari
1455 2053 1617 2103 absque
1657 2052 1793 2091 tocius
1833 2056 2068 2092 conventus

192 2132 404 2161 consensu
458 2124 526 2163 vel
575 2126 742 2163 maioris
792 2128 864 2163 aut
910 2124 1093 2163 sanioris
1140 2123 1270 2174 partis
1320 2123 1464 2173 ipsius.
1538 2121 1586 2162 Si
1636 2132 1718 2173 que
1769 2133 1872 2161 vero
1930 2122 2067 2161 dona-

192 2190 330 2229 tiones
370 2192 440 2234 vel
480 2193 768 2232 alienaciones
810 2193 932 2232 aliter
973 2204 1092 2244 quam
1133 2192 1282 2231 dictum
1323 2195 1403 2245 est,
1443 2189 1557 2231 facte
1596 2189 1765 2245 suerint,
1809 2202 1885 2230 eas
1927 2191 2068 2230 irritas

193 2271 293 2299 esse
318 2271 554 2300 censemus.
602 2263 783 2313 Insuper
806 2263 1057 2302 auctoritate
1084 2261 1317 2313 apostolica
1343 2260 1590 2314 inhibemus,
1618 2271 1671 2299 ne
1704 2260 1812 2299 ullus
1841 2261 2067 2311 episcopus

192 2330 261 2369 vel
296 2330 480 2381 quelibet
519 2331 599 2370 alia
633 2343 818 2382 persona
858 2332 910 2371 ad
945 2331 1133 2382 synodos
1167 2330 1236 2370 vel
1269 2334 1505 2370 conventus
1546 2328 1741 2369 forenses
1775 2341 1854 2369 vos
1889 2330 1965 2382 ire,
1998 2328 2067 2368 uel

193 2399 345 2438 iudicio
387 2400 569 2440 seculari
619 2400 671 2439 de
713 2405 860 2440 vestra
909 2402 1076 2452 propria
1120 2401 1364 2439 substancia
1412 2399 1482 2438 vel
1522 2399 1867 2450 possessionibus
1910 2399 2067 2437 vestris

193 2468 419 2508 subiacere
453 2469 685 2523 compellat,
721 2481 799 2509 nec
833 2470 884 2509 ad
912 2470 1053 2509 domos
1078 2475 1247 2509 vestras
1274 2481 1404 2508 causa.
1428 2469 1597 2508 ordines
1623 2468 1882 2520 celebrandi,
1912 2478 2066 2506 causas

191 2538 416 2592 tractandi,
452 2538 520 2578 vel
553 2539 717 2590 aliquos
752 2543 988 2579 conventus
1022 2539 1211 2590 publicos
1245 2538 1510 2578 convocandi
1544 2538 1693 2578 venire
1729 2541 1953 2589 presumat,
1989 2547 2066 2575 nec
