2212 2876
1003 181 1018 183 ,
1032 121 1158 183 53οἶ
1171 179 1257 182 m„

169 270 358 309 Romane
392 267 578 307 ecclesie
619 260 987 305 Vicecancellarii.
1022 265 1098 305 Vl,
1130 264 1351 304 Kalendas
1384 263 1646 314 Septembris
1681 263 2037 316 indictionebfll.

169 338 470 377 incarnationis
518 336 721 376 dominice
771 347 881 374 anno
930 334 991 374 M.
1039 332 1128 375 CC.
1178 332 1366 373 XXXV.
1414 330 1687 372 Pontificatus
1734 343 1836 371 uero
1888 331 2037 372 domini

171 406 376 460 Gregorii
411 417 519 458 pape
554 405 693 444 vim.
727 416 836 443 anno
870 415 991 443 nono.

484 513 535 545 Ex
559 512 755 554 originali
778 513 809 543 in
833 511 969 543 archivo
995 509 1143 552 ejusdem
1168 512 1366 542 monasterii.

967 687 1041 730 CC
1049 688 1250 728 LXVIII.

173 788 386 846 Piemysl,
425 792 616 833 marchio
656 792 895 843 norm-iac,
935 791 992 831 ad
1027 792 1263 843 politionem
1303 789 1612 841 Maryarellme
1657 791 1852 842 conjuyc's
1892 791 2043 830 eat-imit*

231 867 322 902 oclo
356 864 500 902 curias
532 862 773 915 adjacentes
797 864 836 900 el
854 862 1106 914 pertinentes
1134 859 1192 899 ad
1220 860 1518 898 monasterium
1544 872 1578 897 .5·.
1611 859 1735 898 Petra·
1769 859 1981 900 Olomucic'

577 930 629 970 ab
653 931 775 970 mum·
808 930 1043 969 eaeacte‘one.
1112 929 1180 969 m.
1216 928 1439 980 olomucii,
1482 928 1633 968 1235.

259 1041 310 1094 †.
343 1025 404 1086 Iu
438 1043 600 1082 nomine
633 1045 782 1081 sancte
815 1042 1010 1081 trinitatis
1044 1045 1086 1081 et
1118 1040 1329 1080 indiuidue
1362 1040 1547 1079 unitatis.
1610 1040 1711 1094 Ego
1745 1039 1925 1079 Premizl
1957 1040 2039 1080 Dei

171 1115 323 1167 gracia
357 1112 538 1152 marchio
571 1110 770 1151 morauie.
820 1111 1042 1152 Unhlersis
1068 1114 1308 1161 presentem
1342 1110 1541 1163 paginam
1575 1109 1841 1160 inspecturis,
1865 1109 2043 1150 salutem

171 1184 209 1222 in
245 1193 295 1222 eo
329 1183 397 1234 qui
432 1185 497 1220 est
529 1181 645 1220 salus
679 1181 866 1220 omnium.
930 1179 997 1219 Ne
1030 1166 1251 1232 gestarum
1285 1190 1421 1217 rerum
1454 1179 1663 1217 memoria.
1697 1189 1903 1229 processu
1935 1182 2041 1219 tem-

171 1252 284 1303 poris
318 1255 563 1290 euanescat.
604 1254 646 1289 et
679 1254 840 1300 percat.
882 1248 1144 1300 prouidentia
1179 1248 1452 1287 discretorum
1493 1247 1601 1286 solet
1633 1258 1723 1287 eam
1763 1258 1841 1298 per
1879 1248 2041 1288 litteras

170 1325 382 1360 eternare.
422 1321 559 1359 sciant
599 1330 709 1373 ergo
743 1322 967 1369 presentes
1001 1321 1043 1357 et
1075 1318 1315 1372 innotescat
1351 1317 1547 1368 posteris.
1581 1316 1690 1368 quod
1730 1328 1818 1371 ego
1850 1316 1900 1356 P.
1934 1328 2040 1357 con-

170 1390 366 1428 siderans
400 1389 672 1428 deuocionem
706 1391 748 1427 et
780 1387 928 1426 bonam
963 1387 1337 1426 conuersacionem
1377 1385 1749 1425 sanctimonialium
1782 1386 1822 1425 in
1856 1386 2041 1426 claustro

171 1458 278 1497 beate·
311 1459 434 1497 Petri
458 1458 502 1496 in
534 1456 742 1496 olomuclz.
766 1460 861 1496 octo
896 1456 1037 1495 curias
1070 1455 1148 1495 sub
1182 1454 1373 1506 predicto
1397 1454 1583 1493 claustro
1617 1465 1723 1505 quas
1748 1454 2042 1505 possederunt.

171 1528 224 1566 ‹le
258 1537 471 1566 consensu
514 1537 695 1566 meorum
727 1525 782 1565 ad
815 1526 1065 1577 peticionem
1103 1527 1247 1563 nostre
1279 1523 1486 1574 coniuyis.
1523 1524 1585 1563 JI.
1628 1522 1696 1562 dez·
1730 1524 2042 1574 ‚machumar—

171 1596 384 1635 clzz'om'sse
414 1596 617 1634 moram'e.
652 1607 727 1645 pro
751 1594 935 1634 remedio
969 1595 1194 1633 animarum
1228 1598 1462 1632 nostrarum
1494 1591 1858 1643 predecessorum.
1891 1596 1934 1632 et
1966 1605 2041 1644 pro

171 1669 314 1704 nostra
348 1665 484 1703 salute
517 1664 570 1702 ab
596 1664 704 1703 omni
737 1664 828 1703 iure
857 1667 899 1702 et
931 1663 1158 1702 exactione
1183 1673 1263 1714 que
1298 1662 1412 1712 prius
1447 1661 1499 1700 ad
1534 1666 1715 1701 castrum
1742 1661 2041 1713 persoluebant

171 1734 439 1773 absoluimus.
502 1733 566 1772 Ita
606 1736 742 1772 tamen
785 1732 893 1784 quod
938 1732 1127 1784 predicto
1167 1732 1352 1771 claustro
1392 1741 1512 1770 omne
1554 1731 1618 1770 ius
1658 1731 1916 1782 persoluant.
1980 1731 2042 1771 Vt

171 1807 308 1842 autem
342 1805 487 1841 nostra
513 1799 776 1841 confirmacio
811 1799 962 1841 firmior
986 1801 1052 1840 sit.
1087 1804 1325 1852 presentem
1352 1801 1553 1854 paginam
1587 1797 1762 1851 prefatis
1796 1799 2040 1841 dominabus

171 1872 430 1911 contulimus.
464 1871 596 1910 nostri
623 1871 755 1925 sigilli
788 1871 1007 1910 munimine
1031 1870 1283 1910 roboratam.
1331 1870 1441 1909 Huic
1467 1867 1777 1909 confirmacioni
1803 1881 1894 1910 cum
1921 1867 2042 1909 fieret

172 1939 377 1980 affuerunt
409 1940 643 1979 laudabiles
676 1940 767 1979 uiri.
835 1938 1006 1979 XVocco
1040 1939 1290 1991 purcrabius
1324 1939 1616 1978 olomucensis.
1657 1939 1864 1979 Zlawata.
1897 1939 2041 1979 Zemi-

172 2010 289 2049 zlaus
323 2011 595 2048 camerarius.
628 2009 866 2049 Preboeius
900 2008 1042 2048 iudex.
1083 2007 1212 2048 Onso.
1252 2007 1548 2047 VVerhozlaus
1588 2012 1630 2048 et
1662 2019 1806 2047 omnes
1845 2009 2039 2048 canonici

173 2077 451 2118 olomucensis
481 2078 681 2118 ecclesie.
715 2078 852 2118 datum
880 2088 956 2129 per
981 2089 1126 2117 manus
1150 2077 1301 2117 Hilarii
1328 2077 1475 2116 notarii
1504 2078 1634 2117 nostri
1661 2081 1702 2117 et
1729 2077 1869 2129 Helye
1892 2082 2039 2128 proto-

171 2148 321 2187 notarii
354 2147 660 2187 marchionisse
693 2147 734 2187 in
768 2146 952 2188 Olomuc.

482 2255 537 2287 Ex
561 2255 752 2297 originali
780 2256 813 2288 in
841 2255 977 2287 archivo
1009 2254 1179 2296 capituli
1203 2253 1494 2287 olomucensis.
1524 2274 1566 2278 -—
1590 2238 1708 2297 Sigilla
1737 2255 1836 2288 valde
1860 2255 1981 2295 attrita,
2006 2256 2037 2286 in

584 2317 718 2348 quorum
741 2308 843 2348 primo
872 2307 1038 2338 muliebris
1066 2307 1172 2348 figura
1200 2309 1344 2339 cernitur
1371 2317 1442 2340 cum
1467 2308 1786 2349 circumscriptione:
1820 2331 1827 2339 .
1847 2330 1854 2338 .
1876 2330 1883 2338 .
1903 2329 1910 2338 .
1946 2305 2037 2338 DE!

587 2356 793 2390 GRACIA
816 2356 1241 2391 MARCHIONISSE
1266 2382 1274 2391 .
1298 2381 1306 2389 .
1331 2382 1339 2391 .

1288 2408 1305 2425 0

1616 2608 1726 2651 395ξ
