2212 2876
1085 74 1190 116 376

1232 131 1295 142 ἡ

208 227 414 277 exempta.
476 221 572 275 Jus,
613 219 722 273 quod
756 218 878 258 datur
919 229 994 269 pro
1028 218 1166 268 capite
1209 217 1302 256 siue
1343 214 1448 270 sure,
1489 216 1556 255 uel
1591 228 1666 267 pro
1707 216 1858 271 Zwod,
1897 216 1965 256 uel
2000 228 2075 268 pro

206 305 272 348 eo,
306 291 415 344 quod
447 291 580 344 uulgo
615 289 764 329 dicitur
797 285 1037 339 Chiztotne,
1071 286 1124 325 ad
1164 297 1281 325 usum
1315 285 1480 324 abbatis
1523 289 1564 324 et
1597 289 1830 324 conuentus
1865 284 1962 324 dicti
1994 285 2080 331 loci,

206 374 257 403 ac
289 363 472 413 ipsorum
504 357 830 399 successoribus
857 357 1143 395 concessimus
1170 359 1373 406 perpetuo
1407 354 1692 407 obtinendum,
1727 354 1804 393 hoc
1838 357 2074 394 statuentes

206 432 259 471 de
281 429 389 484 fure,
423 429 532 481 quod
567 428 604 466 si
637 428 679 466 in
705 423 904 465 maleficio
932 422 1058 464 suerit
1084 424 1392 477 deprehensus,
1420 423 1616 462 residens
1644 424 1684 462 in
1713 423 1870 474 prediis
1905 423 2074 463 abbatie

206 504 248 540 et
289 510 364 551 per
404 499 551 538 iustam
591 496 842 535 sententiam
880 492 1220 533 beneficiatorum
1269 493 1610 545 condempnetur,
1650 492 1761 531 bona
1800 490 1904 531 furis
1952 492 2076 543 plene

203 571 450 609 remaneant
490 566 677 606 ecclesie
718 563 974 616 supradicte.
1038 562 1086 604 Si
1126 574 1230 602 uero
1272 561 1461 601 homines
1504 562 1673 600 abbatie
1713 561 1823 600 dicte
1862 562 1903 600 in
1937 562 2075 613 aliquo

205 650 309 678 casu
341 634 562 677 manifesto
604 634 674 674 uel
708 633 886 687 occulto,
929 633 968 671 in
1010 643 1090 683 quo
1124 631 1269 671 subire
1303 642 1378 670 eos
1412 634 1604 682 oporteat
1642 630 1794 669 iudicia
1826 628 1929 669 ferri
1971 641 2076 669 cau-

205 707 357 761 dentis,
390 706 483 745 siue
516 715 638 758 aque,
671 703 740 742 uel
774 702 967 754 uomeris,
1001 701 1069 740 uel
1110 702 1231 741 etiam
1265 700 1403 754 duelli,
1437 703 1479 739 et
1519 701 1558 738 in
1592 700 1776 751 quolibet
1807 700 1976 738 istorum
2011 699 2077 738 uel

204 776 405 816 alterutro
438 775 610 813 istorum
642 772 957 825 succubuerint,
997 770 1065 810 uel
1099 771 1220 809 etiam
1253 770 1381 808 adiuti
1423 767 1591 822 fuerint,
1626 768 1780 807 exinde
1820 769 1978 807 nostris
2010 768 2077 807 iu-

205 844 367 885 dicibus
402 843 630 883 curialibus
663 841 730 881 uel
763 841 913 880 uillicis
946 851 1023 879 seu
1055 838 1338 879 beneficiariis
1379 838 1478 877 nibil
1511 838 1733 889 proueniet
1764 837 1965 890 utilitatis,
1998 835 2077 876 sed

204 914 257 954 ad
275 925 394 953 usum
412 913 579 952 abbatis
598 915 640 951 et
658 913 907 963 conuentus,
928 921 979 948 ac
999 908 1052 948 ad
1077 910 1256 959 ipsorum
1276 918 1572 946 successorum
1592 907 1808 946 utilitatem
1827 911 2078 957 perseueret

204 984 326 1034 culpe
374 980 607 1021 satisfactio
657 981 698 1019 in
747 980 975 1032 integrum,
1021 978 1101 1016 nisi
1150 978 1191 1016 in
1231 988 1282 1016 eo
1331 988 1445 1030 reuS,
1496 975 1606 1027 quod
1656 975 1795 1029 debet,
1841 972 2078 1014 satisfaciat

204 1051 453 1092 aduersario
495 1053 538 1090 et
570 1048 752 1102 olfenso3
792 1048 1032 1087 inhibentes
1065 1044 1234 1085 firmiter
1267 1056 1396 1096 super
1435 1045 1622 1084 homines
1665 1045 1835 1084 abbatie
1869 1044 2077 1083 nominate

203 1121 338 1173 spolia
377 1124 419 1161 et
456 1119 737 1160 uenditionem
775 1117 897 1170 illam,
942 1127 1024 1168 que
1063 1115 1172 1155 solet
1211 1113 1300 1156 fieri
1341 1118 1514 1165 propter
1555 1114 1623 1152 uie
1657 1114 1808 1167 grauis
1842 1112 2076 1166 dispendia,

202 1190 273 1231 ubi
313 1189 366 1229 de
400 1188 599 1229 communi
640 1190 775 1226 strata
817 1184 859 1225 fit
892 1185 1111 1240 digressio
1153 1195 1281 1224 secus
1323 1185 1429 1223 uiam
1472 1186 1642 1234 propter
1685 1184 1949 1221 euitationem
1982 1182 2076 1221 mali

202 1259 417 1300 transitus.
450 1258 650 1299 Similiter
671 1257 713 1295 in
737 1255 1015 1306 occupatione
1038 1258 1236 1294 metarum
1259 1254 1295 1292 si
1319 1253 1443 1305 aliqui
1475 1251 1663 1291 eiusdem
1687 1251 1871 1290 ecclesie
1887 1252 2075 1291 homines

203 1329 244 1368 in
286 1328 480 1368 iudIcium
525 1325 680 1366 fuerint
729 1324 895 1364 euocati
945 1327 987 1363 et
1025 1323 1209 1376 iudicati,
1255 1320 1490 1361 satisfactio
1531 1321 1653 1371 culpe
1694 1320 1805 1359 dicte
1854 1322 2072 1359 remaneat

204 1397 403 1450 ecclesie,
437 1399 480 1436 et
506 1394 781 1447 conquerenti
814 1391 1005 1433 satisfiat.
1054 1390 1213 1434 Cetera
1239 1402 1342 1431 uero
1375 1394 1420 1430 ut
1444 1391 1633 1430 breuiter
1656 1388 2077 1442 comprehendamus,

203 1478 359 1507 omnem
399 1466 678 1506 uenditionem
720 1464 788 1504 uel
822 1463 1051 1515 emendam,
1092 1472 1172 1513 que
1207 1461 1258 1500 de
1293 1461 1433 1500 causis
1474 1459 1543 1499 uel
1576 1459 1738 1498 ratione
1778 1458 1990 1509 culparum
2023 1457 2077 1497 ad

201 1547 304 1577 usus
338 1536 461 1590 regis
502 1534 571 1574 uel
604 1534 833 1585 principum
875 1535 946 1572 aut
985 1529 1347 1571 beneficiariorum
1388 1530 1441 1569 ab
1482 1529 1714 1568 hominibus
1755 1527 1865 1567 dicte
1905 1527 2076 1567 abbatie

203 1605 360 1645 cedere
401 1603 570 1658 debent,
611 1603 852 1642 remittimus
901 1612 968 1655 ea,
1016 1604 1058 1640 et
1098 1599 1367 1639 concedimus
1407 1598 1570 1638 domino
1610 1597 1801 1637 Roberto
1844 1596 1986 1636 abbati
2034 1599 2077 1636 et

204 1674 429 1714 conuentui
469 1684 520 1712 ac
554 1674 737 1724 ipsorum
771 1670 1095 1710 successoribus
1136 1672 1339 1720 perpetuo
1372 1668 1507 1707 libere
1540 1666 1811 1720 possidenda,
1844 1669 1887 1705 ut
1920 1676 1977 1704 ex
2008 1664 2076 1704 his

204 1741 446 1795 perfectiori
494 1742 656 1794 possint
703 1740 897 1795 gaudere
948 1740 1158 1779 libertate.
1221 1738 1314 1777 Nec
1360 1737 1468 1776 ullus
1516 1738 1579 1776 eis
1627 1747 1761 1776 nouas
1812 1734 2076 1774 conditiones

205 1812 360 1852 audeat
391 1813 619 1865 imponere,
651 1811 721 1850 uel
754 1812 936 1861 ipsorum
980 1810 1070 1848 iura
1102 1807 1278 1861 uiolare,
1311 1807 1379 1846 uel
1413 1818 1520 1845 ausu
1553 1805 1778 1845 temerario
1812 1803 2077 1855 aliquatenus

204 1882 429 1921 immutare.
492 1880 703 1920 Volentes
744 1880 869 1919 etiam
916 1877 1094 1918 eandem
1142 1877 1365 1916 ecclesiam
1415 1876 1469 1914 ab
1517 1874 1840 1925 impetitionibus
1880 1872 2077 1911 indebitis

203 1961 457 2005 exonerare,
498 1954 541 1989 et
573 1954 777 2002 perpetue
817 1948 917 2000 paci
951 1947 1136 1987 ecclesie
1176 1948 1399 1985 memorate
1441 1948 1483 1984 et
1521 1942 1692 1983 fratrum
1733 1942 1788 1982 ibi
1831 1942 2075 1996 degentium

206 2020 443 2073 prouidere,
476 2019 584 2059 hanc
610 2019 843 2058 libertatem
877 2016 1099 2056 statuendo
1127 2015 1283 2054 eisdem
1318 2014 1600 2067 concedimus,
1626 2012 1735 2064 quod
1770 2011 1907 2051 nullus
1933 2021 2076 2050 came-

203 2089 405 2128 rariorum
456 2089 525 2128 uel
564 2086 927 2129 beneficiariorum
973 2086 1042 2132 ue]
1085 2086 1216 2124 nuntii
1256 2085 1437 2135 ipsorum
1485 2080 1848 2122 beneficiariorum
1895 2079 2078 2120 audeant

204 2158 398 2197 ciuitates
431 2158 499 2197 uel
531 2158 653 2197 uillas
687 2158 868 2209 ipsorum
910 2155 1081 2209 ingredi
1115 2154 1168 2193 ad
1202 2155 1384 2205 ipsorum
1417 2152 1607 2191 homines
1648 2149 1890 2190 euocandos
1923 2148 1977 2188 ad
2012 2149 2077 2187 iu-

204 2226 351 2266 dicium
384 2227 453 2266 uel
479 2226 685 2280 citandos,
719 2238 795 2265 seu
826 2227 1052 2265 occasione
1086 2224 1261 2263 alicuius
1287 2233 1418 2262 cause
1450 2221 1520 2261 uel
1552 2220 1673 2272 culpe
1699 2221 1867 2259 inuente
1901 2229 2076 2273 aggra-

203 2296 389 2349 uandos3
423 2306 504 2334 nec
539 2296 660 2334 etiam
686 2296 872 2334 uolumus
906 2294 1139 2347 admittere,
1172 2296 1216 2332 ut
1239 2292 1426 2331 homines
1459 2291 1641 2341 ipsorum
1673 2289 1742 2329 uel
1767 2288 1910 2328 domus
1943 2287 2077 2326 homi-

204 2376 295 2403 num
324 2375 464 2403 eorum
493 2364 794 2415 pei-uideantur
817 2376 841 2403 a
867 2363 1125 2416 camerariis,
1152 2372 1229 2412 per
1254 2361 1430 2400 iudicem
1456 2370 1534 2399 seu
1558 2356 1851 2399 beneficiarios
1881 2368 1905 2396 a
1934 2358 2076 2395 castro

205 2433 255 2472 ad
291 2433 369 2471 boc
405 2433 628 2484 deputatis,
678 2433 766 2474 Sed
801 2433 836 2472 si
871 2444 926 2471 ex
953 2435 1107 2471 euentu
1139 2431 1218 2470 hoc
1252 2429 1497 2483 contigerit,
1531 2427 1640 2479 quod
1673 2427 1862 2467 homines
1896 2426 2077 2476 ipsorum

206 2501 258 2540 ad
294 2501 482 2541 iudicium
517 2500 877 2542 beneficiariorum
904 2502 1023 2540 citari
1057 2500 1254 2554 debeant,
1286 2499 1355 2539 uel
1389 2499 1424 2537 si
1456 2499 1577 2538 etiam
1611 2507 1740 2548 super
1773 2495 1911 2547 aliqua
1945 2504 2078 2534 causa
