2148 2876
1044 654 1078 696 Ι.

115 814 335 863 Bavarus,
354 814 578 866 episcopus
605 812 914 860 olomucensis,
939 813 1145 852 ecclesiae
1168 813 1212 852 in
1236 813 1538 864 Eia-anowice,
1560 811 1748 865 fratrum
1773 811 1996 866 hospitalis

118 896 151 922 s.
169 884 370 935 Jocmm's,
396 884 602 935 capellam
628 884 670 922 in
691 880 866 922 Hofittee
890 895 983 921 cum
1003 882 1097 922 dote
1123 896 1148 922 a
1167 883 1300 922 Petro
1326 884 1473 921 concite
1497 881 1549 921 de
1566 883 1775 923 Rusinow
1799 883 1997 923 collatam

326 953 557 1006 confirmul.
592 953 664 993 Dc.
697 954 741 992 in
773 953 1063 992 Eiumnowae'ce
1095 952 1227 992 XIII.
1262 951 1365 991 Kal.
1398 950 1598 991 Novem.
1633 950 1787 992 1200.

247 1108 537 1178 B.[aua1·us]
564 1126 630 1166 dei
651 1127 807 1181 gracia
827 1125 1118 1167 olomucensis
1141 1125 1368 1176 episcopus
1390 1124 1605 1164 vniuersis
1626 1122 1788 1166 Christi
1804 1122 1996 1165 fidelibus

116 1207 298 1249 presens
338 1197 536 1247 scriptum
579 1197 834 1247 inspecturis
874 1196 1050 1235 salutem
1092 1197 1131 1234 in
1176 1195 1365 1235 Domino.
1429 1195 1646 1234 Noueritis
1687 1205 1845 1234 omnes.
1885 1193 1996 1247 quod

117 1266 268 1306 nobilis
292 1266 356 1304 vir
381 1266 535 1305 Petrus
560 1277 701 1305 comes
735 1266 788 1305 de
816 1266 1032 1305 Rusinoue
1059 1266 1246 1305 ecclesie
1280 1263 1450 1304 fratrum
1482 1264 1703 1316 hospitalis
1727 1275 1762 1303 s.
1785 1263 1996 1304 ,johannis

116 1336 159 1375 in
183 1335 435 1375 Ivvanouici
458 1336 525 1385 pia
553 1334 702 1374 ductus
736 1334 961 1374 deuotione
985 1335 1189 1385 capellam
1219 1336 1259 1374 in
1287 1332 1495 1375 Goasze'ce
1526 1335 1566 1373 in
1596 1338 1840 1386 perpetuum
1864 1333 1997 1374 here-

117 1403 268 1444 ditarie
301 1404 598 1455 possidendam
632 1404 804 1443 contulit
844 1408 886 1443 et
918 1404 1132 1443 accedens
1167 1405 1219 1443 ad
1263 1416 1339 1443 nos
1374 1403 1495 1443 nobis
1529 1403 1683 1443 deuote
1718 1406 1760 1443 et
1792 1403 1998 1444 humiliter

108 1470 381 1526 'supplicauit.
423 1474 618 1524 quatinus
652 1474 820 1524 pietatis
854 1485 932 1512 sue
970 1473 1119 1514 donum
1154 1466 1408 1513 auctoritate
1448 1471 1595 1512 nostra
1635 1473 1850 1513 ordinaria
1889 1484 1997 1513 conw

122 1539 398 1582 firmaremus.
432 1542 540 1593 qnod
575 1554 651 1581 nos
687 1544 831 1582 intuitu
866 1542 1162 1595 hospitalitatis
1196 1547 1237 1582 et
1271 1543 1506 1582 deuotionis
1539 1540 1710 1582 fratrum
1744 1540 2001 1594 prefatorum

118 1611 170 1652 de
199 1611 317 1651 domo
345 1623 379 1650 s.
403 1612 612 1651 Johannis
637 1612 816 1651 libenter
838 1611 1025 1652 fecimus.
1052 1611 1346 1652 confirmantes
1368 1611 1660 1651 nichilominus
1694 1613 1827 1651 eciam
1861 1612 1998 1652 dotem

117 1680 305 1721 eiusdem
339 1681 503 1732 capelle
530 1693 622 1720 cum
649 1681 822 1721 decimis
846 1682 1048 1733 plenariis
1081 1683 1181 1722 ville
1212 1680 1388 1733 prefate.
1413 1682 1522 1721 sicut
1546 1683 1585 1721 in
1619 1682 1846 1736 priuilegio
1871 1681 1998 1722 beate

116 1751 312 1790 memorie
338 1751 596 1790 venerabilis
622 1752 812 1803 episcopi
830 1752 1065 1804 Pereyrim·
1089 1751 1415 1803 predecessoris
1440 1751 1570 1790 nostri
1596 1751 1720 1790 latius
1746 1761 1999 1802 expressum

117 1821 344 1871 reperitur.
402 1822 512 1872 quod
563 1821 830 1875 priuilegium
876 1833 960 1861 una
1014 1833 1104 1861 cum
1154 1826 1301 1861 nostra
1354 1821 1515 1875 pagina
1564 1819 1741 1872 prefatis
1796 1818 1997 1861 fratribus

121 1889 386 1929 tradebatur.
436 1889 484 1931 Si
519 1891 611 1942 quis
645 1894 782 1930 autem
808 1891 918 1931 hanc
945 1895 1128 1931 nostram
1155 1888 1506 1930 confirmationem
1531 1900 1609 1929 seu
1640 1890 1768 1941 ipsam
1793 1889 1997 1942 capellam

116 1962 187 1998 aut
220 1959 312 1998 eius
345 1959 482 1998 dotem
515 1960 583 1999 uel
616 1960 830 2001 ministros
863 1972 970 2000 ausu
1002 1961 1229 2000 temerario
1263 1958 1480 1999 inuaserit.
1515 1959 1921 1998 excommunicamus
1955 1962 1997 1999 et

118 2027 384 2079 dampnamus
430 2018 561 2080 ipsium
609 2029 829 2078 tradentes
868 2029 1062 2071 Sathane
1111 2033 1153 2069 et
1201 2029 1395 2080 abyron„
1425 2028 1506 2068 nisi
1552 2027 1729 2068 redierit
1777 2028 1830 2068 ad
1873 2029 1994 2080 peni-

117 2097 285 2136 tentiam
326 2102 368 2137 et
408 2097 588 2152 debitam
627 2096 971 2139 satisfactionem.
1033 2099 1188 2139 Datum
1237 2099 1279 2138 in
1317 2099 1568 2138 Ivvanouici
1610 2098 1734 2139 XIII.
1775 2098 1996 2139 Kalendas

116 2165 384 2206 Nouembris.
447 2164 722 2208 Pontificatus
753 2169 887 2209 nostri
919 2167 1030 2209 anno
1063 2170 1207 2220 primo.

426 2336 456 2368 E
480 2336 641 2370 fasciculo
665 2339 868 2380 copiatorum
892 2337 1102 2380 diplomatum
1127 2340 1158 2370 in
1182 2337 1319 2370 archivo
1343 2336 1631 2369 Melitensium
1656 2337 1799 2380 Pragae.
