2212 2876
1021 73 1126 114 320

143 223 402 265 excludimus
435 231 728 261 successores
764 223 806 258 et
838 228 891 257 ne
924 228 1105 271 regnum
1146 217 1188 254 in
1221 216 1405 266 seipsum
1439 213 1613 253 diuisum
1648 212 1832 253 desolari
1863 211 2016 251 uidea-

140 298 219 334 tur.
266 293 395 346 larga
443 303 579 330 manu.
634 288 850 338 sollempni
902 286 1127 326 donatione
1182 284 1308 324 beate
1355 284 1495 322 Marie
1545 283 1808 336 delegamus.
1855 285 2015 320 scutum

142 362 334 403 karitatis
361 359 713 413 inexpugnabile.
748 369 869 409 quam
902 359 944 395 et
971 354 1199 395 materiale.
1233 356 1380 392 contra
1410 363 1567 391 omnem
1602 351 1881 390 incursionem
1914 360 2016 401 pre-

143 432 254 471 dicte
294 431 393 470 ville
434 429 702 479 arripientes.
736 437 883 467 manus
923 424 976 464 ad
1011 422 1298 463 defensionem
1339 419 1510 460 fratrum
1551 421 1591 459 in
1632 418 1896 472 XVelegrad.
1934 422 2017 457 tum

141 502 182 540 in
215 500 308 539 hoc.
342 509 461 551 quam
496 499 535 536 in
569 497 730 548 reliquo
773 497 955 546 ipsorum
989 493 1148 544 predio.
1190 491 1340 542 capulo
1374 490 1556 541 ancipiti.
1591 489 1856 528 adhibentes.
1921 487 2016 526 Vo-

140 570 272 609 lumus
305 571 349 607 ut
381 566 537 606 fratres
579 567 621 605 in
653 566 732 604 iam
774 564 882 603 dicto
916 562 1170 602 monasterio
1214 571 1343 611 super
1375 559 1484 598 hanc
1526 558 1842 597 elemosinarum
1875 556 2017 610 largi-

140 639 306 678 tionem.
342 637 477 676 libera
511 634 702 675 fruantur
741 633 1032 685 possessione.
1066 630 1385 683 priuilegiorum
1419 629 1510 667 iura
1545 627 1702 667 ordinis
1738 626 2018 677 Cystercien-

141 707 245 747 sium
291 709 501 745 tenentes.
557 705 698 756 quiete
744 702 1054 753 tranquilleque
1111 698 1368 751 possideant.
1416 697 1734 751 priuilegiorum
1784 699 2018 734 nostrorum

141 775 329 815 decretis
358 774 512 814 muniti.
535 784 641 812 sane
674 776 718 812 ut
744 773 780 811 si
814 782 895 823 qua
922 770 1232 810 ecclesiastica.
1266 767 1532 806 secularisve
1556 777 1754 816 persona.
1788 764 1881 803 sine
1914 763 2018 802 iuris

140 845 317 884 ratione.
351 843 550 883 indebite.
577 845 980 893 presumptuoseque
1006 851 1081 878 eos
1110 838 1344 889 inquietare
1373 840 1524 875 conata
1551 832 1689 874 fuerit.
1719 833 2017 884 decretumque

141 916 326 953 nostrum
359 913 519 952 uiolare
553 911 857 962 presumpserit
888 911 930 949 in
970 908 1104 948 XXX
1141 907 1259 947 libris
1294 906 1385 944 auri
1428 915 1596 944 camere
1629 906 1774 943 nostre
1807 902 2019 941 tenebitur

143 982 348 1036 obligata.
383 982 527 1020 sciens
560 992 638 1020 nos
680 991 836 1019 omnem
869 977 1170 1018 iurisditionem
1202 975 1530 1026 proscriptorum
1563 960 1711 1025 cbntra
1746 974 1876 1023 ipsam
1910 981 2018 1023 que-

143 1052 331 1092 stionari.
364 1051 444 1090 nisi
484 1051 601 1101 prius
634 1060 710 1100 pro
752 1048 936 1087 indebite
970 1047 1108 1085 illatis.
1148 1045 1273 1084 beate
1308 1044 1377 1083 (lei
1418 1028 1617 1098 genitrici
1650 1042 1806 1082 Mai-ie.
1841 1041 2017 1092 eiusque

142 1119 304 1160 famulis
347 1119 566 1173 condigna
607 1115 897 1157 satisfactione
931 1114 1243 1155 reconcilietur.
1306 1114 1447 1167 Igitur
1486 1123 1576 1151 cum
1608 1110 1840 1151 huiusmodi
1873 1120 2017 1164 genus

140 1190 357 1230 hominum.
391 1188 554 1228 militari
587 1188 821 1227 accinctum
846 1185 1004 1224 habitu.
1038 1183 1305 1224 secularibus
1331 1182 1520 1236 negotiis
1554 1181 1812 1232 implicatum.
1838 1179 2017 1219 maxime

140 1263 278 1298 tamen
312 1259 380 1310 qui
413 1256 709 1312 gubernandis
743 1255 1050 1307 prouinciarum
1082 1253 1209 1292 terris
1243 1250 1523 1303 preferuntur.
1557 1251 1656 1304 regi
1690 1261 1855 1303 regum.
1889 1259 2018 1287 crea-

141 1328 222 1367 tori
256 1327 443 1366 omnium.
472 1327 704 1365 orationum
736 1325 933 1364 instantia
959 1319 1180 1362 deseruire
1214 1324 1439 1372 nequeant.
1464 1320 1543 1358 hiis
1578 1331 1748 1370 quorum
1783 1318 1887 1357 (leus
1919 1319 2019 1357 uota

142 1397 196 1437 ab
230 1397 314 1435 alto
340 1396 554 1447 prospicit.
590 1395 657 1447 qui
679 1393 840 1448 uigiliis
874 1392 1089 1432 attenuati.
1121 1391 1285 1429 ieiuniis
1317 1389 1532 1429 macerati.
1559 1389 1663 1427 setis
1697 1388 1863 1438 asperis
1888 1396 2019 1437 super

141 1465 251 1506 nudo
285 1465 503 1519 castigati.
528 1465 570 1503 in
601 1464 761 1504 unitate
785 1460 879 1501 fidei
913 1460 1191 1516 congregati.
1216 1471 1291 1510 pro
1323 1459 1430 1499 omni
1454 1458 1639 1498 ecclesia
1662 1455 1838 1497 sundere
1864 1465 2018 1507 preces

141 1547 223 1575 non
267 1537 453 1574 cessant.
492 1534 782 1573 strenuitatem
822 1532 979 1572 ordinis
1021 1528 1339 1581 Cysterciensis
1378 1527 1674 1567 inuiolabiliter
1714 1525 2017 1565 custodientes.

142 1606 395 1655 inposterum
437 1603 675 1654 prouidere.
710 1605 857 1641 contra
898 1601 975 1640 hos
1010 1600 1079 1651 qui
1121 1609 1308 1653 gregem
1343 1595 1501 1638 Christi
1535 1595 1821 1635 contaminare
1854 1593 2015 1633 machi-

143 1677 295 1712 nantur
336 1673 621 1712 diiudicamus.
686 1671 887 1712 Scientes
930 1671 1085 1720 itaque.
1129 1667 1237 1720 quod
1278 1666 1489 1705 luculenta
1530 1665 1687 1704 inuidia
1719 1676 1802 1703 non
1834 1664 2018 1703 moritur.

143 1742 218 1782 sed
255 1743 394 1796 magis
427 1742 657 1781 reuiuiscit.
700 1744 741 1779 et
774 1741 809 1778 si
844 1739 939 1791 quid
975 1749 1126 1792 egi-um
1167 1737 1378 1775 inuenerIt
1412 1734 1702 1786 deprehendit.
1737 1744 1788 1772 eo
1823 1744 1878 1772 ex
1911 1732 2017 1771 omni

143 1815 264 1863 parte
298 1809 454 1851 fratres
496 1812 536 1850 in
570 1809 822 1863 VVelegrad
857 1818 987 1859 super
1026 1807 1124 1846 uilla
1156 1805 1366 1845 &Volkuiz
1400 1804 1638 1858 satagimus
1671 1802 1882 1842 salubrius
1916 1812 2018 1853 pre-

143 1881 315 1920 munire.
359 1884 400 1919 et
434 1880 688 1931 premunitos
721 1879 857 1917 tucius
901 1875 1140 1915 defensare.
1173 1878 1218 1914 ut
1250 1875 1382 1926 siquis
1423 1873 1531 1925 quod
1565 1873 1688 1912 absit.
1722 1871 2019 1911 ecclesiastica

145 1950 409 1989 secularisve
452 1960 649 2000 persona.
697 1947 821 1986 saluti
864 1947 1045 1997 ipsorum
1085 1944 1292 1984 inuidens.
1339 1953 1414 1982 ore
1453 1941 1614 1981 rabido.
1655 1940 1827 1979 inhianti
1870 1939 2017 1979 animo.

145 2019 294 2072 lingua
326 2030 493 2057 ueneno
538 2016 688 2056 sarcita
722 2020 764 2055 et
795 2016 968 2055 sarcita.
1010 2012 1158 2053 contra
1199 2012 1336 2052 datum
1375 2011 1591 2065 priuilegii
1629 2010 1761 2049 nostri
1802 2008 2019 2060 appellari.

146 2088 370 2127 altercare.
390 2087 617 2126 oblatrare.
643 2086 859 2136 excipere.
884 2096 961 2123 seu
979 2084 1176 2137 allegare
1202 2081 1465 2121 contentiose
1490 2079 1806 2131 presumpserit.
1825 2077 2017 2117 dicendo.

146 2169 228 2196 non
261 2157 383 2194 unius
415 2156 612 2206 temporis
646 2165 759 2193 esse.
785 2156 827 2193 et
859 2163 988 2204 super
1015 2152 1095 2191 hoc
1129 2162 1307 2190 cassare
1331 2153 1507 2189 conatus
1541 2147 1667 2189 suerit
1698 2147 2018 2199 respondemus,

149 2225 245 2264 ville
280 2228 503 2275 pretaxate
537 2223 865 2277 delegationem.
899 2226 980 2260 tum
1014 2221 1164 2260 domini
1197 2220 1330 2259 nostri
1372 2222 1415 2258 et
1446 2216 1590 2257 fratris
1624 2218 1747 2272 regis
1780 2217 2018 2256 boemorum

147 2293 422 2333 Wenzezlai.
457 2296 499 2331 et
526 2296 709 2331 nostram
742 2291 1007 2331 Marchionis
1034 2290 1229 2330 Morauie
1262 2288 1472 2339 Primuzyl
1499 2287 1621 2327 dicto.
1654 2298 1737 2326 uno
1766 2286 1846 2325 die.
1871 2283 2018 2324 eadem

148 2363 266 2402 hora.
301 2362 446 2401 eodem
487 2365 703 2400 momento.
739 2361 863 2414 regio
904 2359 1248 2399 obsecundantes
1282 2357 1468 2408 imperio.
1507 2356 1735 2411 gratuitam
1777 2355 1887 2394 hanc
1927 2351 2018 2393 sore

149 2432 435 2471 donacionem.
477 2430 576 2469 licet
608 2430 822 2483 priuilegii
863 2430 993 2468 nostri
1027 2429 1199 2478 scripta.
1242 2425 1334 2466 sere
1367 2426 1464 2466 anni
1505 2425 1662 2464 circulo
1704 2427 1799 2475 post
1837 2423 2017 2462 euoluto.

148 2500 324 2540 cenobio
357 2502 399 2539 in
432 2498 684 2553 X'Velegrad
718 2510 847 2550 super
879 2498 959 2538 hiis
992 2498 1075 2537 sint
1107 2496 1407 2536 administrata.
1471 2495 1524 2534 Et
1555 2498 1599 2534 ut
1631 2493 1710 2533 hec
1744 2492 1785 2532 in
1818 2491 2017 2531 cordibus
