2212 2876
1008 115 1055 176 [w

1059 114 1090 157 8
1176 172 1225 176 .-.

138 258 178 298 in
218 261 460 310 perpetuum
501 257 636 299 libere
676 261 718 298 et
757 257 952 297 absolute
995 257 1189 298 volentes
1229 262 1271 299 et
1310 258 1596 311 precipientes
1637 259 1747 299 dicto
1788 260 2003 301 sacerdoti

137 331 179 367 et
217 327 543 367 successoribus
583 327 671 367 suis
712 330 917 378 quatenus
959 327 1062 378 ipsis
1102 327 1320 367 abbatisse
1370 331 1412 367 et
1452 329 1676 368 conuentui
1719 329 2006 380 respondeant

137 395 190 436 de
223 397 329 436 omni
370 397 613 436 reuerentia
647 395 887 435 obedientia
931 407 983 435 ac
1016 397 1108 435 ivre
1144 400 1264 447 prout
1304 396 1425 437 nobis
1458 397 1664 437 hactenus
1697 398 2019 449 responderint?

138 463 256 513 Quod
292 466 329 504 si
361 465 510 517 aliquis
550 469 698 504 contra
729 465 840 504 hanc
874 464 1177 504 ordinationem
1219 469 1400 506 nostram
1434 467 1583 506 venire
1617 466 1726 519 quod
1759 467 1871 507 absit
1902 478 2005 519 pre-

135 535 360 585 sumpserit
393 533 593 574 offensam
625 538 810 574 nostram
844 537 887 573 et
917 545 1213 574 successorum
1240 540 1474 575 nostrorum
1507 536 1694 576 incurret
1726 540 1768 576 et
1800 535 2005 591 rogamus

137 604 338 643 dominum
371 603 641 644 diocesanum
673 604 730 643 uti
763 603 969 654 spirituali
1002 603 1149 657 gladio
1178 604 1281 654 ipsis
1315 615 1544 644 occurrere
1577 605 1779 659 dignetur
1811 617 2004 657 presum-

137 673 326 724 ptoribus
359 676 401 712 et
427 673 689 713 donationem
723 684 800 711 suo
824 663 1037 712 confirmet
1071 675 1115 712 vt
1138 672 1263 713 decet
1288 685 1483 713 assensu.
1532 674 1683 714 Datum
1706 687 1816 715 anno
1850 676 2005 730 gracie

135 742 197 782 M.
232 739 322 783 CC.
363 742 507 782 XXX.
540 742 637 781 1111.
701 741 860 781 Testes
902 741 1197 781 Theodericus
1239 747 1464 794 preceptor
1504 743 1647 784 domus
1686 744 1930 785 theutunice
1963 748 2015 784 et'

135 809 291 851 fratres
324 812 389 850 sui
422 816 464 850 et
497 809 720 862 Capeliani
753 813 796 850 et
834 809 1148 851 Warclzozlaus
1181 810 1351 864 dapifer
1383 812 1702 852 Jlarcln‘onisse
1734 813 2005 868 Peregrinus

135 881 343 935 magister
375 881 554 933 coquine
587 883 630 920 et
661 880 731 920 alii
764 890 885 932 quam
917 880 1073 931 plures.

445 998 500 1030 Ex
523 997 719 1040 originali
743 996 892 1038 ejusdem
916 999 1116 1029 monasterii.

944 1185 1184 1228 CCLVIII.

133 1299 380 1350 Haurit-m,
413 1298 542 1338 abbas
575 1298 627 1338 de
658 1298 913 1350 Inmyhee'm,
945 1298 1168 1351 praedium
1204 1299 1432 1352 Dolopum,
1458 1313 1483 1339 α
1509 1295 1724 1352 Plenas-sl,
1757 1301 2004 1343 marchione

297 1369 535 1419 Μοναυὶιιε,
569 1368 780 1419 collatum,
813 1369 1068 1408 monasterio
1109 1368 1430 1408 H‘elehradensi
1461 1369 1613 1409 rende'l.
1686 1369 1837 1411 1234.

262 1460 500 1521 Hem-icus
526 1479 665 1520 diuina
692 1479 970 1520 miseracione
996 1479 1132 1520 dictus
1166 1480 1300 1519 abbas
1327 1481 1367 1519 in
1391 1480 1624 1532 Lankeym.
1675 1482 1767 1539 Que
1791 1488 2003 1538 geruntur

133 1550 174 1589 in
205 1552 392 1600 tempore
431 1548 549 1588 simul
583 1553 761 1600 pereunt
800 1560 891 1588 cum
924 1553 1124 1603 tempore„
1166 1550 1206 1588 si.
1235 1561 1317 1589 non
1353 1551 1593 1601 receperint
1635 1564 1660 1591 a
1693 1563 1801 1592 voce
1838 1554 2002 1593 testium

135 1618 201 1658 vel
234 1618 383 1657 litteris
426 1616 733 1657 firmamentum.
797 1617 865 1658 Ad
898 1618 1120 1658 tollendam
1164 1619 1296 1673 igitur
1329 1631 1486 1658 omnem
1526 1619 1671 1659 odiose
1714 1622 2002 1662 contencionis

134 1687 201 1726 vel
235 1687 460 1726 dubietatis
484 1686 727 1740 molestiam7
760 1698 889 1726 nosse
912 1688 1097 1739 cupimus
1123 1699 1266 1727 omnes
1289 1689 1500 1739 presentis
1535 1690 1695 1743 pagine
1721 1690 2001 1745 inspectores,

132 1755 240 1808 quod
275 1767 352 1795 nos
392 1755 445 1795 de
479 1756 678 1795 communi
721 1767 934 1796 consensu
967 1758 1102 1796 tocius
1144 1761 1392 1811 conuentus7
1432 1757 1574 1797 habita
1615 1759 1745 1798 eciam
1786 1759 2001 1800 delibera—

131 1826 254 1864 cione
293 1836 384 1864 cum
427 1826 627 1876 episcopo
661 1825 892 1865 diocesano
932 1830 975 1865 et
1007 1837 1097 1865 cum
1139 1830 1258 1877 patre
1298 1827 1466 1880 abbate,
1506 1827 1692 1879 predium
1733 1832 1917 1869 nostrum
1958 1831 2001 1870 in

132 1893 364 1945 Doloplaz,
405 1893 514 1945 quod
555 1893 727 1934 illustris
765 1893 961 1934 Marchio
1001 1894 1200 1934 Morauie
1241 1895 1361 1934 nobis
1409 1907 1483 1946 pro
1525 1897 1708 1937 remedio
1749 1899 1883 1938 anime
1923 1911 2000 1939 sue

131 1962 314 2016 contulit,
347 1962 608 2002 vendidimus
647 1963 808 2003 domino
841 1963 982 2003 abbati
1024 1967 1066 2003 et
1097 1965 1322 2003 conuentui
1363 1965 1402 2003 in
1440 1965 1685 2020 lVelegrad
1728 1979 1802 2018 pro
1836 1972 2000 2008 centum

132 2031 282 2071 marcis
325 2042 415 2070 cum
464 2031 651 2071 omnibus
699 2033 952 2085 attinenciis7
996 2036 1038 2071 et
1087 2033 1178 2072 iure
1219 2038 1376 2084 nostro„
1429 2034 1537 2085 quod
1578 2035 1616 2073 in
1666 2035 1811 2075 eodem
1852 2037 1998 2087 predio

131 2112 153 2140 a
197 2100 385 2152 predicto
425 2099 680 2140 Marchione
725 2101 846 2141 nobis
887 2099 1025 2142 fuerat
1073 2100 1366 2143 confirmatum.
1431 2105 1497 2144 Ad
1546 2104 1667 2144 huius
1708 2106 1770 2145 rei
1810 2111 1998 2146 eternam

131 2169 390 2209 euidenciam
423 2172 664 2219 presentem
708 2171 909 2225 paginam
942 2171 1098 2210 exinde
1141 2173 1419 2222 conscriptam
1461 2173 1605 2227 sigillo
1646 2177 1790 2214 nostro
1823 2172 1996 2215 fecimus

129 2238 342 2292 insigniri.
405 2237 561 2277 Testes
601 2241 698 2278 sunt
730 2238 918 2279 dominus
959 2240 1173 2280 Hem-icus
1215 2241 1348 2281 abbas
1391 2241 1443 2281 de
1482 2242 1587 2287 Plaz
1630 2247 1672 2283 et
1711 2244 1898 2283 monachi
1932 2245 1996 2283 sui

130 2306 400 2347 Heidinricus
446 2307 641 2358 supprior
688 2311 731 2348 et
774 2308 999 2361 Johannes
1048 2312 1091 2349 et
1136 2309 1205 2349 alii
1252 2310 1408 2362 plures.
1485 2311 1635 2352 Actum
1688 2324 1798 2363 anno
1846 2313 1995 2353 domini

129 2366 506 2429 iilccxxxllll.‚
538 2375 774 2430 indiccione
806 2377 905 2433 vn.
934 2424 937 2426 ,
1638 2423 1658 2442 u
1719 2410 1737 2419 ,

439 2492 470 2525 E
495 2491 612 2526 codice
635 2480 1056 2527 We'lehradensi‘Ms.
1081 2494 1135 2526 fol.
1159 2492 1222 2527 89.

838 2556 873 2588 ft.
924 2560 1050 2593 ῥεῖ’

1610 2604 1678 2646 37
