2212 2876
1035 57 1135 98 143

150 201 383 243 officialium
423 205 659 256 spectante,
702 202 772 241 uel
819 201 994 241 utilitate
1034 200 1264 241 secundum
1310 210 1463 240 morem
1502 203 1618 240 terre
1669 199 1907 251 pertinente
1954 199 2023 240 uel

150 275 444 325 accrescente,
477 271 557 311 hoc
582 275 833 325 statuentes,
868 282 922 310 ne
953 272 1045 323 quis
1070 271 1400 322 prenominatam
1425 269 1584 309 domum
1607 269 1866 321 aliquomodo
1893 279 2022 320 super

149 340 215 381 his
248 341 440 395 iusticiis,
474 341 543 380 uel
583 340 972 394 consuetudinibus,
1012 340 1080 380 uel
1124 339 1495 394 commoditatibus,
1536 349 1617 391 que
1658 339 1751 378 usui
1792 338 1921 392 regni
1952 337 2022 378 uel

150 409 346 450 nobilium
369 410 438 449 uel
463 414 699 450 ceterorum
725 415 965 461 competere
993 409 1259 461 uidebantur,
1288 408 1471 448 audeant
1497 409 1711 461 impetere,
1736 407 1805 447 uel
1829 407 2022 461 grauari,

147 478 218 518 uel
251 490 317 533 ea,
352 491 433 531 que
466 492 491 519 a
523 480 645 519 nobis
680 480 719 518 ei
752 490 957 518 concessa
995 483 1104 532 sunt,
1138 479 1178 517 in
1219 478 1375 517 irritum
1409 488 1638 531 renocare3
1671 477 1741 517 ubi
1775 480 1910 516 autem
1945 487 2021 515 eos

149 548 202 587 ab
236 549 343 588 omni
383 549 473 589 iure
506 549 774 603 generaliter
806 549 1072 602 absoluimus,
1115 560 1198 587 non
1233 552 1298 587 est
1338 558 1537 601 necesse,
1577 550 1622 586 ut
1661 547 1714 586 de
1747 547 1885 599 aliqua
1918 547 2020 585 iuris

148 619 295 669 specie
329 618 479 670 aliquis
520 619 781 670 questionem
822 617 976 657 debeat
1009 628 1193 657 mouere.
1245 616 1501 667 ⁴Addicimus
1542 617 1678 670 etiam,
1712 616 1820 668 quod
1854 614 2022 655 firmiter

149 687 380 742 sanximus,
422 688 535 739 ipsos
583 691 626 727 et
666 698 807 726 eorum
850 687 1038 726 homines
1088 698 1164 737 per
1203 686 1372 725 telonea
1418 689 1692 725 transeuntes
1725 685 1876 724 nullum
1917 684 2020 724 dare

151 756 400 811 pessagium
432 768 508 808 pro
542 768 591 796 se
625 757 729 808 ipsis
762 756 831 795 uel
865 756 1072 807 aliquibus
1097 756 1226 794 rebus
1260 755 1314 794 ad
1348 754 1506 794 domum
1540 766 1682 794 eorum
1715 753 2020 807 spectantibus,

150 827 231 865 nisi
269 827 352 866 sint
390 830 651 866 mercatores
693 837 834 865 eorum
875 826 1042 878 publici,
1083 826 1150 876 qui
1194 836 1268 875 pro
1309 824 1532 863 commodis
1573 825 1728 875 propiis
1772 822 2019 874 ampliandis

150 895 357 949 laborant,
392 907 496 947 quos
530 908 553 934 a
588 895 767 935 teloneis
802 907 884 934 non
912 894 1180 933 absolninius.
1227 893 1275 933 Si
1310 904 1414 932 vero
1449 894 1693 947 contigerit,
1728 893 1835 944 quod
1870 892 2019 944 aliquis

149 964 366 1005 occidatur
407 965 459 1003 ab
494 964 728 1003 hominibus
770 975 926 1015 eorum,
961 968 1003 1002 ct
1043 964 1161 1002 amici
1205 963 1336 1002 occisi
1378 963 1509 1002 uelint
1543 963 1759 1002 occisores
1800 962 1851 1001 ab
1886 961 2021 1001 homi-

149 1034 258 1073 cidio
279 1035 493 1087 impetere,
513 1035 552 1072 in
577 1035 693 1073 curia
712 1038 857 1072 nostra
882 1032 1182 1085 respondeant,
1210 1044 1281 1071 res
1307 1043 1410 1072 uero
1434 1032 1668 1071 occisorum
1694 1033 1733 1071 in
1755 1031 2018 1083 prouidentia

148 1101 319 1143 fratrum
353 1108 638 1154 permaneant.
703 1102 751 1144 Si
785 1107 919 1142 autem
961 1101 1039 1156 sur,
1073 1102 1141 1141 uel
1176 1101 1307 1153 predo
1350 1099 1571 1141 manifeste
1605 1102 1644 1141 in
1686 1102 1777 1152 ipso
1811 1104 1908 1140 actu
1941 1099 2020 1139 de-

149 1171 436 1225 prehenditur,
467 1172 577 1212 bona
599 1170 702 1211 suris
729 1170 927 1211 fratribus
957 1175 1215 1225 remaneant,
1249 1176 1290 1211 et
1316 1172 1393 1223 ipsi
1420 1171 1648 1211 secundum
1676 1169 2021 1210 consuetudinem

149 1246 321 1282 teri-ea
361 1243 517 1281 nostris
553 1241 758 1281 iudicibus
801 1243 1037 1292 puniantur.
1102 1241 1151 1281 Si
1191 1252 1294 1280 uero
1337 1240 1498 1294 Narok,
1540 1240 1649 1292 quod
1683 1240 1811 1280 latine
1844 1242 2021 1279 uocatur

148 1312 376 1365 accusatio,
410 1309 542 1350 surum
575 1311 644 1350 uel
673 1315 966 1350 nocturnorum
1001 1310 1229 1362 predonum
1254 1321 1382 1361 super
1416 1321 1558 1349 eorum
1591 1309 1778 1349 homines
1812 1308 2019 1361 euenerit,

151 1380 301 1420 iudicio
335 1385 475 1420 astent
508 1381 625 1419 curie
659 1380 886 1419 secundum
923 1391 1075 1419 morem
1114 1384 1230 1419 terre
1265 1380 1304 1418 in
1339 1379 1449 1418 nullo
1491 1383 1636 1418 nostre
1669 1378 1907 1418 celsitudini
1939 1389 2019 1417 nec

149 1450 304 1488 nostris
352 1449 490 1501 quoad
531 1449 708 1501 aliquam
758 1449 974 1488 utilitatem
1016 1449 1277 1502 responsuri,
1326 1447 1404 1487 sed
1444 1449 1574 1487 omnis
1623 1448 1745 1499 culpe
1785 1445 2019 1487 satisfactio

148 1519 274 1559 cedat
307 1519 345 1557 in
380 1530 482 1558 usus
516 1516 700 1571 fratrum,
735 1523 777 1558 et
809 1523 947 1558 tamen
980 1518 1182 1571 homines,
1216 1518 1251 1557 si
1286 1517 1354 1557 rei
1382 1515 1535 1557 suerint
1560 1517 1829 1571 comprobati,
1863 1516 2020 1557 aduer-

150 1588 276 1627 sariis
309 1586 586 1627 satisfaciant.
634 1587 681 1628 Si
715 1599 818 1627 uero
852 1587 970 1627 homo
1005 1592 1231 1626 accusatus
1264 1598 1342 1638 per
1375 1587 1578 1627 honestos
1611 1587 1772 1626 uicinos
1804 1598 1906 1626 suos
1939 1584 2018 1625 fide

150 1668 293 1697 eorum
326 1657 528 1708 requisita
562 1654 688 1697 suerit
721 1656 953 1709 absolutus,
988 1658 1104 1696 curie
1138 1668 1219 1696 non
1254 1656 1523 1708 respondeat.
1587 1657 1643 1697 Et
1675 1656 1755 1696 hoc
1790 1656 2021 1709 diligenter

149 1726 385 1779 notandum,
420 1725 529 1778 quod
562 1726 630 1765 ubi
665 1737 740 1765 eos
782 1726 835 1765 ab
870 1726 976 1765 omni
1009 1726 1185 1765 utilitate
1221 1730 1364 1766 nostra
1406 1730 1448 1765 et
1480 1731 1716 1766 nostrorum
1749 1725 2018 1778 absoluimus,

148 1795 248 1835 nihil
291 1796 392 1834 iuris
442 1794 577 1847 quoad
620 1795 698 1834 hoc
725 1800 885 1841 ‚nostre
926 1795 1228 1850 magnitudinis
1274 1796 1342 1835 uel
1385 1800 1622 1835 nostrorum
1662 1794 2018 1835 commoditatibus

151 1865 391 1906 retinemus.
455 1864 605 1904 Nullus
657 1865 779 1904 etiam
830 1869 964 1919 cogat
1007 1863 1178 1918 fratres,
1227 1869 1298 1904 aut
1338 1864 1526 1904 homines
1574 1876 1717 1904 eorum
1757 1863 1809 1904 ad
1851 1862 2018 1915 aliquod

151 1934 307 1973 seruile
342 1933 530 1987 officium,
564 1934 632 1973 uel
666 1945 740 1985 pro
765 1939 998 1974 castrorum
1032 1932 1310 1988 edificatione,
1334 1934 1402 1974 uel
1435 1946 1510 1986 pro
1544 1934 1684 1986 aliquo
1717 1934 1897 1973 seruitio
1933 1932 2018 1986 tali,

151 2003 258 2054 quod
294 2003 356 2042 eis
397 2003 452 2043 sit
485 2002 537 2041 ad
572 2003 900 2054 impedimentum
939 2003 1145 2043 libertatis
1178 2015 1270 2056 sue,
1311 2004 1407 2055 quia
1447 2003 1610 2056 plenam
1652 2008 1694 2043 et
1734 2004 1944 2057 integram
1977 2003 2018 2041 in

151 2072 338 2111 omnibus
386 2073 731 2123 possessionibus
783 2073 871 2113 suis
913 2074 975 2111 eis
1023 2074 1311 2112 concessimus
1351 2073 1599 2127 libertatem,
1649 2073 1704 2112 ita
1745 2078 1789 2112 ut
1834 2073 1913 2123 ipsi
1966 2070 2019 2111 de

149 2141 382 2180 hominibus
415 2141 503 2180 suis
544 2142 767 2193 disponant
808 2143 942 2181 omnia
976 2142 1029 2181 ad
1063 2140 1292 2193 profectum
1332 2141 1488 2181 domus.
1555 2140 1658 2182 Fum
1698 2153 1801 2181 uero
1836 2141 2019 2180 celebris

149 2211 344 2250 memorie
368 2214 449 2249 tam
475 2211 751 2262 imperatores
777 2210 1004 2266 magnifici,
1033 2223 1153 2263 quam
1179 2211 1247 2250 alii
1267 2212 1562 2266 gloriosissimi
1590 2223 1725 2266 reges
1743 2212 2019 2263 prescriptam

154 2279 312 2320 domum
363 2279 625 2330 amplissimis
673 2281 913 2320 ditauerunt
959 2281 1316 2334 possessionibus,
1366 2284 1408 2320 et
1456 2282 1718 2321 muniuerunt
1764 2280 2018 2334 priuilegiis‚

152 2360 245 2403 nOS,
289 2349 369 2388 etsi
413 2350 476 2388 eis
518 2361 600 2388 non
640 2361 841 2402 eqnamur
881 2350 1050 2403 diuitiis,
1090 2354 1228 2389 tamen
1271 2362 1345 2401 pro
1386 2361 1513 2401 posse
1547 2355 1692 2390 nostro
1733 2350 1919 2390 volumus
1954 2350 2016 2388 eis

151 2416 368 2458 beneficiis
396 2416 604 2469 parificari
636 2420 807 2473 meritis,
842 2419 1021 2471 ideoque
1047 2419 1290 2458 indulsimus
1323 2420 1400 2473 eis,
1435 2420 1543 2472 quod
1572 2421 1664 2460 siue
1697 2421 1891 2473 maiores,
1924 2419 2017 2458 siue

151 2488 334 2527 minores
380 2488 420 2526 in
472 2499 612 2542 regno
662 2493 805 2528 nostro
849 2489 1062 2528 constituti
1106 2489 1299 2540 proprias
1348 2490 1650 2541 possessiones
1700 2489 1832 2529 eidem
1883 2488 2017 2527 domui
