<?xml version="1.0" encoding="UTF-8"?>
<!DOCTYPE html PUBLIC "-//W3C//DTD XHTML 1.0 Transitional//EN"
    "http://www.w3.org/TR/xhtml1/DTD/xhtml1-transitional.dtd">
<html xmlns="http://www.w3.org/1999/xhtml" xml:lang="en" lang="en">
 <head>
  <title>
</title>
<meta http-equiv="Content-Type" content="text/html;charset=utf-8" />
  <meta name='ocr-system' content='tesseract 3.04.00' />
  <meta name='ocr-capabilities' content='ocr_page ocr_carea ocr_par ocr_line ocrx_word'/>
</head>
<body>
  <div class='ocr_page' id='page_1' title='image "./codexdiplomaticu02morauoft_0146.png"; bbox 0 0 2212 2876; ppageno 0'>
   <div class='ocr_carea' id='block_1_1' title="bbox 1075 77 1177 118">
    <p class='ocr_par' dir='ltr' id='par_1_1' title="bbox 1075 77 1177 118">
     <span class='ocr_line' id='line_1_1' title="bbox 1075 77 1177 118; baseline 0 0"><span class='ocrx_word' id='word_1_1' title='bbox 1075 77 1177 118; x_wconf 84' lang='lat'>136</span> 
     </span>
    </p>
   </div>
   <div class='ocr_carea' id='block_1_2' title="bbox 179 218 2058 1795">
    <p class='ocr_par' dir='ltr' id='par_1_2' title="bbox 179 218 2058 1795">
     <span class='ocr_line' id='line_1_2' title="bbox 181 218 2057 272; baseline -0.001 -10"><span class='ocrx_word' id='word_1_2' title='bbox 181 233 261 262; x_wconf 88' lang='lat' dir='ltr'>nec</span> <span class='ocrx_word' id='word_1_3' title='bbox 304 234 386 261; x_wconf 88' lang='lat' dir='ltr'>non</span> <span class='ocrx_word' id='word_1_4' title='bbox 419 219 552 261; x_wconf 87' lang='lat' dir='ltr'>frater</span> <span class='ocrx_word' id='word_1_5' title='bbox 583 231 700 261; x_wconf 87' lang='lat' dir='ltr'>meus</span> <span class='ocrx_word' id='word_1_6' title='bbox 742 219 993 260; x_wconf 70' lang='lat' dir='ltr'>Wadizlaus</span> <span class='ocrx_word' id='word_1_7' title='bbox 1025 221 1096 272; x_wconf 78' lang='lat' dir='ltr'>qui</span> <span class='ocrx_word' id='word_1_8' title='bbox 1128 223 1167 258; x_wconf 74' lang='lat' dir='ltr'>el</span> <span class='ocrx_word' id='word_1_9' title='bbox 1187 220 1404 259; x_wconf 75' lang='lat' dir='ltr'>Henrz&#39;cus</span> <span class='ocrx_word' id='word_1_10' title='bbox 1436 218 1609 259; x_wconf 89' lang='lat' dir='ltr'>illustris</span> <span class='ocrx_word' id='word_1_11' title='bbox 1641 219 1826 259; x_wconf 89' lang='lat' dir='ltr'>marchio</span> <span class='ocrx_word' id='word_1_12' title='bbox 1858 220 2057 260; x_wconf 83' lang='lat' dir='ltr'>Morauie</span> 
     </span>
     <span class='ocr_line' id='line_1_3' title="bbox 181 287 2057 341; baseline -0.002 -10"><span class='ocrx_word' id='word_1_13' title='bbox 181 292 395 331; x_wconf 89' lang='lat' dir='ltr'>vniuersis</span> <span class='ocrx_word' id='word_1_14' title='bbox 428 290 572 341; x_wconf 88' lang='lat' dir='ltr'>scripti</span> <span class='ocrx_word' id='word_1_15' title='bbox 612 289 735 328; x_wconf 88' lang='lat' dir='ltr'>huius</span> <span class='ocrx_word' id='word_1_16' title='bbox 775 292 921 340; x_wconf 81' lang='lat' dir='ltr'>apices</span> <span class='ocrx_word' id='word_1_17' title='bbox 960 289 1216 340; x_wconf 85' lang='lat' dir='ltr'>inspecturis</span> <span class='ocrx_word' id='word_1_18' title='bbox 1257 287 1524 327; x_wconf 81' lang='lat' dir='ltr'>exhibicione</span> <span class='ocrx_word' id='word_1_19' title='bbox 1558 289 1823 339; x_wconf 88' lang='lat' dir='ltr'>presencium</span> <span class='ocrx_word' id='word_1_20' title='bbox 1864 289 2057 328; x_wconf 88' lang='lat' dir='ltr'>duximus</span> 
     </span>
     <span class='ocr_line' id='line_1_4' title="bbox 182 357 2057 410; baseline -0.002 -10"><span class='ocrx_word' id='word_1_21' title='bbox 182 359 466 400; x_wconf 86' lang='lat' dir='ltr'>attestandum</span> <span class='ocrx_word' id='word_1_22' title='bbox 500 359 690 410; x_wconf 89' lang='lat' dir='ltr'>quoniam</span> <span class='ocrx_word' id='word_1_23' title='bbox 725 357 912 397; x_wconf 89' lang='lat' dir='ltr'>dominus</span> <span class='ocrx_word' id='word_1_24' title='bbox 945 358 1073 397; x_wconf 89' lang='lat' dir='ltr'>Vnko</span> <span class='ocrx_word' id='word_1_25' title='bbox 1107 358 1176 409; x_wconf 93' lang='lat' dir='ltr'>pie</span> <span class='ocrx_word' id='word_1_26' title='bbox 1219 357 1538 396; x_wconf 80' lang='lat' dir='ltr'>recordacionis</span> <span class='ocrx_word' id='word_1_27' title='bbox 1572 358 1638 396; x_wconf 89' lang='lat' dir='ltr'>vir</span> <span class='ocrx_word' id='word_1_28' title='bbox 1670 358 1820 397; x_wconf 85' lang='lat' dir='ltr'>nobilis</span> <span class='ocrx_word' id='word_1_29' title='bbox 1854 358 1906 397; x_wconf 90' lang='lat' dir='ltr'>de</span> <span class='ocrx_word' id='word_1_30' title='bbox 1939 359 2057 397; x_wconf 90' lang='lat' dir='ltr'>Boe-</span> 
     </span>
     <span class='ocr_line' id='line_1_5' title="bbox 180 424 2057 482; baseline -0.002 -13"><span class='ocrx_word' id='word_1_31' title='bbox 180 430 261 469; x_wconf 84' lang='lat' dir='ltr'>mia</span> <span class='ocrx_word' id='word_1_32' title='bbox 295 429 455 468; x_wconf 90' lang='lat' dir='ltr'>domino</span> <span class='ocrx_word' id='word_1_33' title='bbox 498 427 708 467; x_wconf 86' lang='lat' dir='ltr'>Arthlebo</span> <span class='ocrx_word' id='word_1_34' title='bbox 751 426 803 465; x_wconf 92' lang='lat' dir='ltr'>de</span> <span class='ocrx_word' id='word_1_35' title='bbox 837 427 1027 478; x_wconf 84' lang='lat' dir='ltr'>Znoyem</span> <span class='ocrx_word' id='word_1_36' title='bbox 1061 438 1230 482; x_wconf 87' lang='lat' dir='ltr'>genero</span> <span class='ocrx_word' id='word_1_37' title='bbox 1270 437 1346 465; x_wconf 87' lang='lat' dir='ltr'>suo</span> <span class='ocrx_word' id='word_1_38' title='bbox 1381 438 1471 466; x_wconf 88' lang='lat' dir='ltr'>cum</span> <span class='ocrx_word' id='word_1_39' title='bbox 1512 424 1593 465; x_wconf 88' lang='lat' dir='ltr'>filia</span> <span class='ocrx_word' id='word_1_40' title='bbox 1627 438 1704 466; x_wconf 87' lang='lat' dir='ltr'>sua</span> <span class='ocrx_word' id='word_1_41' title='bbox 1745 427 1877 466; x_wconf 90' lang='lat' dir='ltr'>eidem</span> <span class='ocrx_word' id='word_1_42' title='bbox 1911 427 2057 466; x_wconf 88' lang='lat' dir='ltr'>matri-</span> 
     </span>
     <span class='ocr_line' id='line_1_6' title="bbox 179 495 2056 548; baseline -0.002 -10"><span class='ocrx_word' id='word_1_43' title='bbox 179 499 414 538; x_wconf 89' lang='lat' dir='ltr'>monialiter</span> <span class='ocrx_word' id='word_1_44' title='bbox 439 497 634 548; x_wconf 83' lang='lat' dir='ltr'>copulata</span> <span class='ocrx_word' id='word_1_45' title='bbox 657 496 795 535; x_wconf 84' lang='lat' dir='ltr'>villam</span> <span class='ocrx_word' id='word_1_46' title='bbox 821 496 1027 547; x_wconf 88' lang='lat' dir='ltr'>quandam</span> <span class='ocrx_word' id='word_1_47' title='bbox 1050 496 1303 535; x_wconf 72' lang='lat' dir='ltr'>Nc1.s·.‹›·ei·11liz</span> <span class='ocrx_word' id='word_1_48' title='bbox 1322 495 1470 534; x_wconf 88' lang='lat' dir='ltr'>dictam</span> <span class='ocrx_word' id='word_1_49' title='bbox 1495 507 1586 534; x_wconf 88' lang='lat' dir='ltr'>cum</span> <span class='ocrx_word' id='word_1_50' title='bbox 1611 496 1798 534; x_wconf 87' lang='lat' dir='ltr'>omnihus</span> <span class='ocrx_word' id='word_1_51' title='bbox 1817 496 2056 535; x_wconf 79' lang='lat' dir='ltr'>attinenciis</span> 
     </span>
     <span class='ocr_line' id='line_1_7' title="bbox 182 564 2057 607; baseline -0.002 0"><span class='ocrx_word' id='word_1_52' title='bbox 182 569 282 607; x_wconf 85' lang='lat' dir='ltr'>vice</span> <span class='ocrx_word' id='word_1_53' title='bbox 316 567 424 606; x_wconf 88' lang='lat' dir='ltr'>dotis</span> <span class='ocrx_word' id='word_1_54' title='bbox 466 566 641 605; x_wconf 89' lang='lat' dir='ltr'>contulit</span> <span class='ocrx_word' id='word_1_55' title='bbox 674 565 867 605; x_wconf 88' lang='lat' dir='ltr'>absolute</span> <span class='ocrx_word' id='word_1_56' title='bbox 910 566 968 604; x_wconf 88' lang='lat' dir='ltr'>ita</span> <span class='ocrx_word' id='word_1_57' title='bbox 1003 565 1202 605; x_wconf 84' lang='lat' dir='ltr'>videlicet</span> <span class='ocrx_word' id='word_1_58' title='bbox 1241 568 1284 604; x_wconf 86' lang='lat' dir='ltr'>ut</span> <span class='ocrx_word' id='word_1_59' title='bbox 1316 564 1422 604; x_wconf 89' lang='lat' dir='ltr'>idem</span> <span class='ocrx_word' id='word_1_60' title='bbox 1456 564 1689 604; x_wconf 77' lang='lat' dir='ltr'>Haruebus</span> <span class='ocrx_word' id='word_1_61' title='bbox 1728 576 1819 604; x_wconf 89' lang='lat' dir='ltr'>cum</span> <span class='ocrx_word' id='word_1_62' title='bbox 1859 568 2057 604; x_wconf 81' lang='lat' dir='ltr'>consorte</span> 
     </span>
     <span class='ocr_line' id='line_1_8' title="bbox 180 631 2057 686; baseline -0.002 -10"><span class='ocrx_word' id='word_1_63' title='bbox 180 636 289 676; x_wconf 89' lang='lat' dir='ltr'>thori</span> <span class='ocrx_word' id='word_1_64' title='bbox 325 647 491 675; x_wconf 89' lang='lat' dir='ltr'>necnon</span> <span class='ocrx_word' id='word_1_65' title='bbox 523 635 743 686; x_wconf 88' lang='lat' dir='ltr'>utriusque</span> <span class='ocrx_word' id='word_1_66' title='bbox 777 633 842 673; x_wconf 84' lang='lat' dir='ltr'>filii</span> <span class='ocrx_word' id='word_1_67' title='bbox 877 646 928 673; x_wconf 92' lang='lat' dir='ltr'>ac</span> <span class='ocrx_word' id='word_1_68' title='bbox 961 632 1131 674; x_wconf 87' lang='lat' dir='ltr'>filiorum</span> <span class='ocrx_word' id='word_1_69' title='bbox 1165 631 1233 672; x_wconf 88' lang='lat' dir='ltr'>filii</span> <span class='ocrx_word' id='word_1_70' title='bbox 1256 633 1623 686; x_wconf 83' lang='lat' dir='ltr'>succedentesque</span> <span class='ocrx_word' id='word_1_71' title='bbox 1657 635 1838 685; x_wconf 85' lang='lat' dir='ltr'>ipsorum</span> <span class='ocrx_word' id='word_1_72' title='bbox 1873 633 2057 673; x_wconf 89' lang='lat' dir='ltr'>heredes</span> 
     </span>
     <span class='ocr_line' id='line_1_9' title="bbox 179 703 2057 760; baseline -0.001 -15"><span class='ocrx_word' id='word_1_73' title='bbox 179 705 375 760; x_wconf 86' lang='lat' dir='ltr'>legittimi</span> <span class='ocrx_word' id='word_1_74' title='bbox 406 705 695 755; x_wconf 88' lang='lat' dir='ltr'>prenominate</span> <span class='ocrx_word' id='word_1_75' title='bbox 731 704 830 743; x_wconf 89' lang='lat' dir='ltr'>ville</span> <span class='ocrx_word' id='word_1_76' title='bbox 857 704 1135 755; x_wconf 84' lang='lat' dir='ltr'>possessione</span> <span class='ocrx_word' id='word_1_77' title='bbox 1169 706 1376 754; x_wconf 88' lang='lat' dir='ltr'>perpetua</span> <span class='ocrx_word' id='word_1_78' title='bbox 1402 703 1620 757; x_wconf 76' lang='lat' dir='ltr'>gaudeant</span> <span class='ocrx_word' id='word_1_79' title='bbox 1657 707 1698 743; x_wconf 89' lang='lat' dir='ltr'>et</span> <span class='ocrx_word' id='word_1_80' title='bbox 1721 704 1956 754; x_wconf 88' lang='lat' dir='ltr'>tranquilla.</span> <span class='ocrx_word' id='word_1_81' title='bbox 1989 703 2057 743; x_wconf 90' lang='lat' dir='ltr'>Ne</span> 
     </span>
     <span class='ocr_line' id='line_1_10' title="bbox 180 770 2057 828; baseline -0.001 -15"><span class='ocrx_word' id='word_1_82' title='bbox 180 776 274 828; x_wconf 89' lang='lat' dir='ltr'>quis</span> <span class='ocrx_word' id='word_1_83' title='bbox 308 775 442 828; x_wconf 87' lang='lat' dir='ltr'>igitur</span> <span class='ocrx_word' id='word_1_84' title='bbox 482 784 777 812; x_wconf 88' lang='lat' dir='ltr'>successorum</span> <span class='ocrx_word' id='word_1_85' title='bbox 811 784 992 812; x_wconf 88' lang='lat' dir='ltr'>meorum</span> <span class='ocrx_word' id='word_1_86' title='bbox 1032 776 1105 811; x_wconf 88' lang='lat' dir='ltr'>aut</span> <span class='ocrx_word' id='word_1_87' title='bbox 1138 772 1337 811; x_wconf 87' lang='lat' dir='ltr'>antedicti</span> <span class='ocrx_word' id='word_1_88' title='bbox 1370 770 1513 811; x_wconf 87' lang='lat' dir='ltr'>fratris</span> <span class='ocrx_word' id='word_1_89' title='bbox 1553 773 1632 811; x_wconf 92' lang='lat' dir='ltr'>mei</span> <span class='ocrx_word' id='word_1_90' title='bbox 1666 772 1801 811; x_wconf 89' lang='lat' dir='ltr'>dotem</span> <span class='ocrx_word' id='word_1_91' title='bbox 1835 784 1885 811; x_wconf 89' lang='lat' dir='ltr'>ac</span> <span class='ocrx_word' id='word_1_92' title='bbox 1920 773 2057 811; x_wconf 93' lang='lat' dir='ltr'>dona—</span> 
     </span>
     <span class='ocr_line' id='line_1_11' title="bbox 179 841 2058 896; baseline -0.002 -12"><span class='ocrx_word' id='word_1_93' title='bbox 179 845 341 884; x_wconf 88' lang='lat' dir='ltr'>cionem</span> <span class='ocrx_word' id='word_1_94' title='bbox 384 843 643 882; x_wconf 86' lang='lat' dir='ltr'>huiscemodi</span> <span class='ocrx_word' id='word_1_95' title='bbox 684 843 932 896; x_wconf 77' lang='lat' dir='ltr'>legittimam</span> <span class='ocrx_word' id='word_1_96' title='bbox 975 853 1026 880; x_wconf 90' lang='lat' dir='ltr'>ac</span> <span class='ocrx_word' id='word_1_97' title='bbox 1060 841 1360 881; x_wconf 88' lang='lat' dir='ltr'>racionabilem</span> <span class='ocrx_word' id='word_1_98' title='bbox 1401 842 1658 892; x_wconf 83' lang='lat' dir='ltr'>inposterum</span> <span class='ocrx_word' id='word_1_99' title='bbox 1701 852 1880 881; x_wconf 87' lang='lat' dir='ltr'>cassare</span> <span class='ocrx_word' id='word_1_100' title='bbox 1916 841 2058 881; x_wconf 86' lang='lat' dir='ltr'>valeat</span> 
     </span>
     <span class='ocr_line' id='line_1_12' title="bbox 180 909 2056 965; baseline -0.002 -13"><span class='ocrx_word' id='word_1_101' title='bbox 180 913 249 953; x_wconf 93' lang='lat' dir='ltr'>uel</span> <span class='ocrx_word' id='word_1_102' title='bbox 291 916 515 963; x_wconf 79' lang='lat' dir='ltr'>presumat.</span> <span class='ocrx_word' id='word_1_103' title='bbox 567 923 654 965; x_wconf 85' lang='lat' dir='ltr'>ego</span> <span class='ocrx_word' id='word_1_104' title='bbox 706 923 758 950; x_wconf 91' lang='lat' dir='ltr'>ac</span> <span class='ocrx_word' id='word_1_105' title='bbox 805 909 939 950; x_wconf 84' lang='lat' dir='ltr'>frater</span> <span class='ocrx_word' id='word_1_106' title='bbox 987 922 1103 950; x_wconf 87' lang='lat' dir='ltr'>meus</span> <span class='ocrx_word' id='word_1_107' title='bbox 1150 914 1479 961; x_wconf 79' lang='lat' dir='ltr'>prememoratus</span> <span class='ocrx_word' id='word_1_108' title='bbox 1526 915 1699 962; x_wconf 88' lang='lat' dir='ltr'>propter</span> <span class='ocrx_word' id='word_1_109' title='bbox 1746 911 2056 950; x_wconf 85' lang='lat' dir='ltr'>habundantem</span> 
     </span>
     <span class='ocr_line' id='line_1_13' title="bbox 181 980 2058 1034; baseline -0.002 -13"><span class='ocrx_word' id='word_1_110' title='bbox 181 980 514 1021; x_wconf 88' lang='lat' dir='ltr'>confirmacionis</span> <span class='ocrx_word' id='word_1_111' title='bbox 539 980 829 1020; x_wconf 87' lang='lat' dir='ltr'>certitudinem</span> <span class='ocrx_word' id='word_1_112' title='bbox 860 993 943 1019; x_wconf 92' lang='lat' dir='ltr'>non</span> <span class='ocrx_word' id='word_1_113' title='bbox 975 981 1104 1019; x_wconf 79' lang='lat' dir='ltr'>solun]</span> <span class='ocrx_word' id='word_1_114' title='bbox 1129 984 1369 1031; x_wconf 81' lang='lat' dir='ltr'>presentem</span> <span class='ocrx_word' id='word_1_115' title='bbox 1394 981 1595 1034; x_wconf 80' lang='lat' dir='ltr'>paginam</span> <span class='ocrx_word' id='word_1_116' title='bbox 1619 980 1852 1034; x_wconf 87' lang='lat' dir='ltr'>sigillorum</span> <span class='ocrx_word' id='word_1_117' title='bbox 1888 983 2058 1018; x_wconf 89' lang='lat' dir='ltr'>nostro-</span> 
     </span>
     <span class='ocr_line' id='line_1_14' title="bbox 179 1047 2057 1104; baseline -0.001 -14"><span class='ocrx_word' id='word_1_118' title='bbox 179 1064 268 1091; x_wconf 92' lang='lat' dir='ltr'>rum</span> <span class='ocrx_word' id='word_1_119' title='bbox 301 1051 520 1090; x_wconf 89' lang='lat' dir='ltr'>munimine</span> <span class='ocrx_word' id='word_1_120' title='bbox 545 1050 719 1104; x_wconf 86' lang='lat' dir='ltr'>dignum</span> <span class='ocrx_word' id='word_1_121' title='bbox 753 1049 945 1088; x_wconf 85' lang='lat' dir='ltr'>duximus</span> <span class='ocrx_word' id='word_1_122' title='bbox 978 1049 1178 1103; x_wconf 84' lang='lat' dir='ltr'>insigniri</span> <span class='ocrx_word' id='word_1_123' title='bbox 1203 1061 1347 1088; x_wconf 84' lang='lat' dir='ltr'>verum</span> <span class='ocrx_word' id='word_1_124' title='bbox 1382 1050 1514 1088; x_wconf 86' lang='lat' dir='ltr'>eciam</span> <span class='ocrx_word' id='word_1_125' title='bbox 1548 1051 1639 1100; x_wconf 87' lang='lat' dir='ltr'>ipso</span> <span class='ocrx_word' id='word_1_126' title='bbox 1668 1047 1779 1088; x_wconf 88' lang='lat' dir='ltr'>sacto</span> <span class='ocrx_word' id='word_1_127' title='bbox 1815 1060 1891 1099; x_wconf 88' lang='lat' dir='ltr'>per</span> <span class='ocrx_word' id='word_1_128' title='bbox 1923 1052 2057 1088; x_wconf 85' lang='lat' dir='ltr'>testes</span> 
     </span>
     <span class='ocr_line' id='line_1_15' title="bbox 180 1117 2057 1170; baseline -0.002 -11"><span class='ocrx_word' id='word_1_129' title='bbox 180 1120 359 1160; x_wconf 89' lang='lat' dir='ltr'>idoneos</span> <span class='ocrx_word' id='word_1_130' title='bbox 402 1121 519 1159; x_wconf 88' lang='lat' dir='ltr'>viros</span> <span class='ocrx_word' id='word_1_131' title='bbox 559 1123 601 1159; x_wconf 85' lang='lat' dir='ltr'>et</span> <span class='ocrx_word' id='word_1_132' title='bbox 639 1119 843 1158; x_wconf 89' lang='lat' dir='ltr'>honestos</span> <span class='ocrx_word' id='word_1_133' title='bbox 885 1130 1055 1170; x_wconf 89' lang='lat' dir='ltr'>quorum</span> <span class='ocrx_word' id='word_1_134' title='bbox 1097 1118 1262 1157; x_wconf 90' lang='lat' dir='ltr'>nomina</span> <span class='ocrx_word' id='word_1_135' title='bbox 1312 1118 1552 1169; x_wconf 86' lang='lat' dir='ltr'>subscripta</span> <span class='ocrx_word' id='word_1_136' title='bbox 1595 1121 1693 1157; x_wconf 87' lang='lat' dir='ltr'>sunt</span> <span class='ocrx_word' id='word_1_137' title='bbox 1731 1118 1936 1157; x_wconf 86' lang='lat' dir='ltr'>cautelam</span> <span class='ocrx_word' id='word_1_138' title='bbox 1976 1117 2057 1156; x_wconf 90' lang='lat' dir='ltr'>ad-</span> 
     </span>
     <span class='ocr_line' id='line_1_16' title="bbox 179 1186 2056 1239; baseline -0.001 -11"><span class='ocrx_word' id='word_1_139' title='bbox 179 1189 385 1229; x_wconf 86' lang='lat' dir='ltr'>hibuimus</span> <span class='ocrx_word' id='word_1_140' title='bbox 410 1187 638 1228; x_wconf 87' lang='lat' dir='ltr'>efficacem.</span> <span class='ocrx_word' id='word_1_141' title='bbox 680 1187 949 1227; x_wconf 67' lang='lat' dir='ltr'>Wladizlaas</span> <span class='ocrx_word' id='word_1_142' title='bbox 975 1190 1016 1226; x_wconf 86' lang='lat' dir='ltr'>et</span> <span class='ocrx_word' id='word_1_143' title='bbox 1056 1187 1286 1227; x_wconf 69' lang='lat' dir='ltr'>I‘I&#39;aczlaus</span> <span class='ocrx_word' id='word_1_144' title='bbox 1316 1187 1398 1239; x_wconf 69' lang='lat' dir='ltr'>filie·</span> <span class='ocrx_word' id='word_1_145' title='bbox 1419 1188 1512 1226; x_wconf 74' lang='lat' dir='ltr'>mei.</span> <span class='ocrx_word' id='word_1_146' title='bbox 1537 1186 1755 1228; x_wconf 81' lang='lat' dir='ltr'>Saztolow</span> <span class='ocrx_word' id='word_1_147' title='bbox 1781 1187 2056 1226; x_wconf 82' lang='lat' dir='ltr'>marscalcus.</span> 
     </span>
     <span class='ocr_line' id='line_1_17' title="bbox 183 1256 2054 1307; baseline -0.002 -9"><span class='ocrx_word' id='word_1_148' title='bbox 183 1259 331 1298; x_wconf 82' lang='lat' dir='ltr'>Zauis.</span> <span class='ocrx_word' id='word_1_149' title='bbox 386 1259 540 1297; x_wconf 81' lang='lat' dir='ltr'>Holax.</span> <span class='ocrx_word' id='word_1_150' title='bbox 596 1257 849 1299; x_wconf 85' lang='lat' dir='ltr'>Szuezlaus.</span> <span class='ocrx_word' id='word_1_151' title='bbox 905 1256 1179 1296; x_wconf 90' lang='lat' dir='ltr'>Dulhomilus.</span> <span class='ocrx_word' id='word_1_152' title='bbox 1234 1256 1435 1295; x_wconf 90' lang='lat' dir='ltr'>Radimir.</span> <span class='ocrx_word' id='word_1_153' title='bbox 1491 1256 1751 1296; x_wconf 87' lang='lat' dir='ltr'>Adalbertus</span> <span class='ocrx_word' id='word_1_154' title='bbox 1801 1257 2054 1307; x_wconf 85' lang='lat' dir='ltr'>prepositus.</span> 
     </span>
     <span class='ocr_line' id='line_1_18' title="bbox 182 1325 2056 1376; baseline -0.002 -9"><span class='ocrx_word' id='word_1_155' title='bbox 182 1328 358 1368; x_wconf 83' lang='lat' dir='ltr'>Bizzen.</span> <span class='ocrx_word' id='word_1_156' title='bbox 392 1327 649 1366; x_wconf 84' lang='lat' dir='ltr'>Bohuzlaus.</span> <span class='ocrx_word' id='word_1_157' title='bbox 690 1327 933 1366; x_wconf 86' lang='lat' dir='ltr'>Heinricus.</span> <span class='ocrx_word' id='word_1_158' title='bbox 977 1326 1085 1364; x_wconf 91' lang='lat' dir='ltr'>alter</span> <span class='ocrx_word' id='word_1_159' title='bbox 1118 1325 1372 1365; x_wconf 87' lang='lat' dir='ltr'>Bohuzlaus.</span> <span class='ocrx_word' id='word_1_160' title='bbox 1412 1325 1560 1376; x_wconf 88' lang='lat' dir='ltr'>Peley.</span> <span class='ocrx_word' id='word_1_161' title='bbox 1593 1325 1821 1365; x_wconf 87' lang='lat' dir='ltr'>Arnoldus.</span> <span class='ocrx_word' id='word_1_162' title='bbox 1853 1325 2056 1366; x_wconf 86' lang='lat' dir='ltr'>Mathias.</span> 
     </span>
     <span class='ocr_line' id='line_1_19' title="bbox 181 1394 2056 1446; baseline -0.002 -9"><span class='ocrx_word' id='word_1_163' title='bbox 181 1398 463 1437; x_wconf 89' lang='lat' dir='ltr'>Hermannus.</span> <span class='ocrx_word' id='word_1_164' title='bbox 487 1397 682 1435; x_wconf 84' lang='lat' dir='ltr'>Barones</span> <span class='ocrx_word' id='word_1_165' title='bbox 714 1396 912 1436; x_wconf 88' lang='lat' dir='ltr'>Morauie</span> <span class='ocrx_word' id='word_1_166' title='bbox 937 1407 988 1434; x_wconf 88' lang='lat' dir='ltr'>ac</span> <span class='ocrx_word' id='word_1_167' title='bbox 1018 1395 1166 1434; x_wconf 89' lang='lat' dir='ltr'>milites</span> <span class='ocrx_word' id='word_1_168' title='bbox 1199 1395 1371 1434; x_wconf 88' lang='lat' dir='ltr'>Boruta.</span> <span class='ocrx_word' id='word_1_169' title='bbox 1404 1395 1487 1434; x_wconf 90' lang='lat' dir='ltr'>ben</span> <span class='ocrx_word' id='word_1_170' title='bbox 1511 1395 1564 1434; x_wconf 91' lang='lat' dir='ltr'>de</span> <span class='ocrx_word' id='word_1_171' title='bbox 1589 1395 1656 1434; x_wconf 86' lang='lat' dir='ltr'>W</span> <span class='ocrx_word' id='word_1_172' title='bbox 1661 1399 1785 1434; x_wconf 84' lang='lat' dir='ltr'>etOW.</span> <span class='ocrx_word' id='word_1_173' title='bbox 1811 1394 2056 1446; x_wconf 83' lang='lat' dir='ltr'>Stephanus</span> 
     </span>
     <span class='ocr_line' id='line_1_20' title="bbox 182 1463 2054 1519; baseline -0.003 -12"><span class='ocrx_word' id='word_1_174' title='bbox 182 1466 235 1507; x_wconf 90' lang='lat' dir='ltr'>de</span> <span class='ocrx_word' id='word_1_175' title='bbox 268 1466 470 1506; x_wconf 84' lang='lat' dir='ltr'>Medlow.</span> <span class='ocrx_word' id='word_1_176' title='bbox 503 1466 659 1505; x_wconf 89' lang='lat' dir='ltr'>Petrus</span> <span class='ocrx_word' id='word_1_177' title='bbox 693 1465 746 1504; x_wconf 92' lang='lat' dir='ltr'>de</span> <span class='ocrx_word' id='word_1_178' title='bbox 779 1465 1026 1504; x_wconf 84' lang='lat' dir='ltr'>Ruszinow.</span> <span class='ocrx_word' id='word_1_179' title='bbox 1067 1465 1295 1519; x_wconf 88' lang='lat' dir='ltr'>Ingramus</span> <span class='ocrx_word' id='word_1_180' title='bbox 1329 1465 1382 1504; x_wconf 90' lang='lat' dir='ltr'>de</span> <span class='ocrx_word' id='word_1_181' title='bbox 1416 1465 1620 1516; x_wconf 75' lang='lat' dir='ltr'>Znoyem.</span> <span class='ocrx_word' id='word_1_182' title='bbox 1661 1465 1866 1504; x_wconf 86' lang='lat' dir='ltr'>Houorix.</span> <span class='ocrx_word' id='word_1_183' title='bbox 1900 1463 1942 1502; x_wconf 84' lang='lat' dir='ltr'>V</span> <span class='ocrx_word' id='word_1_184' title='bbox 1946 1464 2054 1503; x_wconf 89' lang='lat' dir='ltr'>elen.</span> 
     </span>
     <span class='ocr_line' id='line_1_21' title="bbox 181 1532 2054 1585; baseline -0.002 -10"><span class='ocrx_word' id='word_1_185' title='bbox 181 1535 397 1575; x_wconf 91' lang='lat' dir='ltr'>Pominen.</span> <span class='ocrx_word' id='word_1_186' title='bbox 432 1535 674 1575; x_wconf 84' lang='lat' dir='ltr'>Ekhardus.</span> <span class='ocrx_word' id='word_1_187' title='bbox 709 1535 951 1574; x_wconf 83' lang='lat' dir='ltr'>Heinricus.</span> <span class='ocrx_word' id='word_1_188' title='bbox 989 1533 1146 1585; x_wconf 80' lang='lat' dir='ltr'>Lupus.</span> <span class='ocrx_word' id='word_1_189' title='bbox 1180 1533 1475 1573; x_wconf 81' lang='lat' dir='ltr'>Theodoricus</span> <span class='ocrx_word' id='word_1_190' title='bbox 1510 1533 1562 1572; x_wconf 90' lang='lat' dir='ltr'>de</span> <span class='ocrx_word' id='word_1_191' title='bbox 1595 1534 1772 1573; x_wconf 82' lang='lat' dir='ltr'>Knesiz.</span> <span class='ocrx_word' id='word_1_192' title='bbox 1807 1532 1928 1574; x_wconf 87' lang='lat' dir='ltr'>Grut.</span> <span class='ocrx_word' id='word_1_193' title='bbox 1961 1532 2054 1572; x_wconf 86' lang='lat' dir='ltr'>Leo</span> 
     </span>
     <span class='ocr_line' id='line_1_22' title="bbox 184 1602 2057 1657; baseline -0.002 -13"><span class='ocrx_word' id='word_1_194' title='bbox 184 1606 235 1645; x_wconf 91' lang='lat' dir='ltr'>de</span> <span class='ocrx_word' id='word_1_195' title='bbox 268 1604 448 1644; x_wconf 86' lang='lat' dir='ltr'>Klobuc.</span> <span class='ocrx_word' id='word_1_196' title='bbox 492 1605 645 1643; x_wconf 90' lang='lat' dir='ltr'>Velen.</span> <span class='ocrx_word' id='word_1_197' title='bbox 681 1604 836 1644; x_wconf 82' lang='lat' dir='ltr'>Wers.</span> <span class='ocrx_word' id='word_1_198' title='bbox 871 1603 1080 1643; x_wconf 85' lang='lat' dir='ltr'>vaalata.</span> <span class='ocrx_word' id='word_1_199' title='bbox 1123 1603 1406 1657; x_wconf 85' lang='lat' dir='ltr'>Peregrinus.</span> <span class='ocrx_word' id='word_1_200' title='bbox 1445 1603 1751 1643; x_wconf 77' lang='lat' dir='ltr'>Wlurammus.</span> <span class='ocrx_word' id='word_1_201' title='bbox 1815 1602 1927 1642; x_wconf 84' lang='lat' dir='ltr'>Acta</span> <span class='ocrx_word' id='word_1_202' title='bbox 1960 1603 2057 1641; x_wconf 86' lang='lat' dir='ltr'>sunt</span> 
     </span>
     <span class='ocr_line' id='line_1_23' title="bbox 182 1670 2053 1723; baseline -0.003 -9"><span class='ocrx_word' id='word_1_203' title='bbox 182 1674 262 1714; x_wconf 91' lang='lat' dir='ltr'>hec</span> <span class='ocrx_word' id='word_1_204' title='bbox 296 1686 405 1713; x_wconf 89' lang='lat' dir='ltr'>anno</span> <span class='ocrx_word' id='word_1_205' title='bbox 440 1673 642 1712; x_wconf 92' lang='lat' dir='ltr'>dominice</span> <span class='ocrx_word' id='word_1_206' title='bbox 677 1673 988 1711; x_wconf 85' lang='lat' dir='ltr'>incarnacionis</span> <span class='ocrx_word' id='word_1_207' title='bbox 1021 1671 1082 1711; x_wconf 85' lang='lat' dir='ltr'>M.</span> <span class='ocrx_word' id='word_1_208' title='bbox 1117 1670 1208 1713; x_wconf 72' lang='lat' dir='ltr'>CC.</span> <span class='ocrx_word' id='word_1_209' title='bbox 1242 1672 1385 1712; x_wconf 92' lang='lat' dir='ltr'>XXII.</span> <span class='ocrx_word' id='word_1_210' title='bbox 1433 1672 1586 1711; x_wconf 87' lang='lat' dir='ltr'>Datum</span> <span class='ocrx_word' id='word_1_211' title='bbox 1620 1673 1764 1711; x_wconf 88' lang='lat' dir='ltr'>Brene</span> <span class='ocrx_word' id='word_1_212' title='bbox 1798 1682 1874 1723; x_wconf 93' lang='lat' dir='ltr'>per</span> <span class='ocrx_word' id='word_1_213' title='bbox 1906 1681 2053 1710; x_wconf 87' lang='lat' dir='ltr'>manus</span> 
     </span>
     <span class='ocr_line' id='line_1_24' title="bbox 183 1742 1087 1795; baseline -0.003 -12"><span class='ocrx_word' id='word_1_214' title='bbox 183 1743 347 1795; x_wconf 86' lang='lat' dir='ltr'>Hylarii</span> <span class='ocrx_word' id='word_1_215' title='bbox 381 1743 531 1782; x_wconf 82' lang='lat' dir='ltr'>notarii</span> <span class='ocrx_word' id='word_1_216' title='bbox 565 1742 684 1782; x_wconf 71' lang='lat' dir='ltr'>vlll.</span> <span class='ocrx_word' id='word_1_217' title='bbox 717 1742 939 1781; x_wconf 83' lang='lat' dir='ltr'>Kalendas</span> <span class='ocrx_word' id='word_1_218' title='bbox 972 1742 1087 1781; x_wconf 85' lang='lat' dir='ltr'>Julii.</span> 
     </span>
    </p>
   </div>
   <div class='ocr_carea' id='block_1_3' title="bbox 493 1838 2053 1926">
    <p class='ocr_par' dir='ltr' id='par_1_3' title="bbox 493 1838 2053 1926">
     <span class='ocr_line' id='line_1_25' title="bbox 493 1838 2053 1882; baseline 0 -9"><span class='ocrx_word' id='word_1_219' title='bbox 493 1842 524 1874; x_wconf 89' lang='lat' dir='ltr'><strong>E</strong></span> <span class='ocrx_word' id='word_1_220' title='bbox 554 1841 770 1874; x_wconf 86' lang='lat' dir='ltr'>codicibus</span> <span class='ocrx_word' id='word_1_221' title='bbox 801 1842 890 1873; x_wconf 84' lang='lat' dir='ltr'>Mss.</span> <span class='ocrx_word' id='word_1_222' title='bbox 922 1851 991 1873; x_wconf 84' lang='lat' dir='ltr'>sec.</span> <span class='ocrx_word' id='word_1_223' title='bbox 1024 1841 1118 1873; x_wconf 80' lang='lat' dir='ltr'>X1v.</span> <span class='ocrx_word' id='word_1_224' title='bbox 1150 1839 1414 1873; x_wconf 85' lang='lat' dir='ltr'>Olomucensi</span> <span class='ocrx_word' id='word_1_225' title='bbox 1443 1842 1475 1871; x_wconf 88' lang='lat' dir='ltr'>et</span> <span class='ocrx_word' id='word_1_226' title='bbox 1505 1838 1799 1882; x_wconf 73' lang='lat' dir='ltr'>Cremsirjiensi</span> <span class='ocrx_word' id='word_1_227' title='bbox 1823 1841 1959 1882; x_wconf 81' lang='lat' dir='ltr'>saepius</span> <span class='ocrx_word' id='word_1_228' title='bbox 1983 1839 2053 1882; x_wconf 75' lang='lat' dir='ltr'>Jam</span> 
     </span>
     <span class='ocr_line' id='line_1_26' title="bbox 600 1895 720 1926; baseline 0 0"><span class='ocrx_word' id='word_1_229' title='bbox 600 1895 720 1926; x_wconf 83' lang='lat' dir='ltr'>citatis.</span> 
     </span>
    </p>
   </div>
   <div class='ocr_carea' id='block_1_4' title="bbox 995 2007 1248 2051">
    <p class='ocr_par' dir='ltr' id='par_1_4' title="bbox 995 2007 1248 2051">
     <span class='ocr_line' id='line_1_27' title="bbox 995 2007 1248 2051; baseline -0.012 0"><span class='ocrx_word' id='word_1_230' title='bbox 995 2007 1248 2051; x_wconf 86' lang='lat' dir='ltr'>CXXXIV.</span> 
     </span>
    </p>
   </div>
   <div class='ocr_carea' id='block_1_5' title="bbox 185 2109 2054 2236">
    <p class='ocr_par' dir='ltr' id='par_1_5' title="bbox 185 2109 2054 2236">
     <span class='ocr_line' id='line_1_28' title="bbox 185 2109 2054 2167; baseline -0.001 -13"><span class='ocrx_word' id='word_1_231' title='bbox 185 2113 409 2166; x_wconf 69' lang='lat' dir='ltr'>noba-tus,</span> <span class='ocrx_word' id='word_1_232' title='bbox 442 2116 666 2167; x_wconf 77' lang='lat' dir='ltr'>episcopus</span> <span class='ocrx_word' id='word_1_233' title='bbox 701 2113 1009 2165; x_wconf 71' lang='lat' dir='ltr'>olomucensis,</span> <span class='ocrx_word' id='word_1_234' title='bbox 1045 2114 1250 2153; x_wconf 74' lang='lat' dir='ltr'>ecclesiae</span> <span class='ocrx_word' id='word_1_235' title='bbox 1287 2113 1332 2151; x_wconf 81' lang='lat' dir='ltr'>in</span> <span class='ocrx_word' id='word_1_236' title='bbox 1364 2109 1567 2151; x_wconf 61' lang='lat' dir='ltr'>Frssawa</span> <span class='ocrx_word' id='word_1_237' title='bbox 1599 2124 1625 2151; x_wconf 89' lang='grc' dir='ltr'><em>α</em></span> <span class='ocrx_word' id='word_1_238' title='bbox 1657 2123 1704 2150; x_wconf 81' lang='lat' dir='ltr'>se</span> <span class='ocrx_word' id='word_1_239' title='bbox 1731 2111 1951 2164; x_wconf 74' lang='lat' dir='ltr'>fundatae,</span> <span class='ocrx_word' id='word_1_240' title='bbox 1972 2112 2054 2165; x_wconf 77' lang='lat' dir='ltr'>jus</span> 
     </span>
     <span class='ocr_line' id='line_1_29' title="bbox 503 2181 1732 2236; baseline -0.002 -14"><span class='ocrx_word' id='word_1_241' title='bbox 503 2183 755 2236; x_wconf 77' lang='lat' dir='ltr'>parochiale</span> <span class='ocrx_word' id='word_1_242' title='bbox 787 2183 980 2222; x_wconf 76' lang='lat' dir='ltr'>concedit</span> <span class='ocrx_word' id='word_1_243' title='bbox 1009 2182 1276 2234; x_wconf 76' lang='lat' dir='ltr'>decimasque</span> <span class='ocrx_word' id='word_1_244' title='bbox 1307 2182 1510 2232; x_wconf 61' lang='lat' dir='ltr'>assignat.</span> <span class='ocrx_word' id='word_1_245' title='bbox 1580 2181 1732 2221; x_wconf 73' lang='lat'>1222.</span> 
     </span>
    </p>
   </div>
   <div class='ocr_carea' id='block_1_6' title="bbox 186 2277 2053 2555">
    <p class='ocr_par' dir='ltr' id='par_1_6' title="bbox 186 2277 2053 2555">
     <span class='ocr_line' id='line_1_30' title="bbox 317 2277 2053 2349; baseline -0.002 -13"><span class='ocrx_word' id='word_1_246' title='bbox 317 2277 610 2346; x_wconf 73' lang='lat' dir='ltr'>R[01›e1·tus]</span> <span class='ocrx_word' id='word_1_247' title='bbox 655 2294 722 2335; x_wconf 92' lang='lat' dir='ltr'>dei</span> <span class='ocrx_word' id='word_1_248' title='bbox 765 2295 920 2349; x_wconf 86' lang='lat' dir='ltr'>gracia</span> <span class='ocrx_word' id='word_1_249' title='bbox 967 2295 1193 2346; x_wconf 88' lang='lat' dir='ltr'>episcopus</span> <span class='ocrx_word' id='word_1_250' title='bbox 1235 2293 1526 2334; x_wconf 76' lang='lat' dir='ltr'>olomucensis</span> <span class='ocrx_word' id='word_1_251' title='bbox 1573 2293 1761 2333; x_wconf 89' lang='lat' dir='ltr'>omnibus</span> <span class='ocrx_word' id='word_1_252' title='bbox 1811 2296 2053 2344; x_wconf 85' lang='lat' dir='ltr'>presentem</span> 
     </span>
     <span class='ocr_line' id='line_1_31' title="bbox 186 2362 2051 2420; baseline -0.002 -15"><span class='ocrx_word' id='word_1_253' title='bbox 186 2366 388 2420; x_wconf 87' lang='lat' dir='ltr'>paginam</span> <span class='ocrx_word' id='word_1_254' title='bbox 430 2364 683 2415; x_wconf 88' lang='lat' dir='ltr'>inspecturis</span> <span class='ocrx_word' id='word_1_255' title='bbox 731 2364 906 2403; x_wconf 88' lang='lat' dir='ltr'>salutem</span> <span class='ocrx_word' id='word_1_256' title='bbox 956 2364 996 2403; x_wconf 90' lang='lat' dir='ltr'>in</span> <span class='ocrx_word' id='word_1_257' title='bbox 1039 2363 1213 2402; x_wconf 89' lang='lat' dir='ltr'>domino.</span> <span class='ocrx_word' id='word_1_258' title='bbox 1276 2362 1485 2402; x_wconf 86' lang='lat' dir='ltr'>Nouerint</span> <span class='ocrx_word' id='word_1_259' title='bbox 1523 2365 1604 2402; x_wconf 87' lang='lat' dir='ltr'>tam</span> <span class='ocrx_word' id='word_1_260' title='bbox 1651 2365 1880 2414; x_wconf 87' lang='lat' dir='ltr'>presentes</span> <span class='ocrx_word' id='word_1_261' title='bbox 1929 2372 2051 2414; x_wconf 88' lang='lat' dir='ltr'>quam</span> 
     </span>
     <span class='ocr_line' id='line_1_32' title="bbox 186 2431 2052 2486; baseline -0.003 -12"><span class='ocrx_word' id='word_1_262' title='bbox 186 2433 312 2474; x_wconf 85' lang='lat' dir='ltr'>futuri</span> <span class='ocrx_word' id='word_1_263' title='bbox 351 2433 459 2486; x_wconf 89' lang='lat' dir='ltr'>quod</span> <span class='ocrx_word' id='word_1_264' title='bbox 493 2444 571 2472; x_wconf 87' lang='lat' dir='ltr'>nos</span> <span class='ocrx_word' id='word_1_265' title='bbox 611 2433 664 2472; x_wconf 86' lang='lat' dir='ltr'>ad</span> <span class='ocrx_word' id='word_1_266' title='bbox 698 2434 946 2484; x_wconf 86' lang='lat' dir='ltr'>peticionem</span> <span class='ocrx_word' id='word_1_267' title='bbox 988 2432 1246 2472; x_wconf 87' lang='lat' dir='ltr'>venerabilis</span> <span class='ocrx_word' id='word_1_268' title='bbox 1287 2431 1453 2471; x_wconf 86' lang='lat' dir='ltr'>abbatis</span> <span class='ocrx_word' id='word_1_269' title='bbox 1493 2431 1652 2473; x_wconf 88' lang='lat' dir='ltr'>Siberti</span> <span class='ocrx_word' id='word_1_270' title='bbox 1696 2434 1737 2471; x_wconf 87' lang='lat' dir='ltr'>et</span> <span class='ocrx_word' id='word_1_271' title='bbox 1778 2431 1912 2471; x_wconf 87' lang='lat' dir='ltr'>tocius</span> <span class='ocrx_word' id='word_1_272' title='bbox 1946 2441 2052 2469; x_wconf 91' lang='lat' dir='ltr'>con-</span> 
     </span>
     <span class='ocr_line' id='line_1_33' title="bbox 187 2499 2051 2555; baseline -0.003 -11"><span class='ocrx_word' id='word_1_273' title='bbox 187 2507 338 2544; x_wconf 87' lang='lat' dir='ltr'>uentus</span> <span class='ocrx_word' id='word_1_274' title='bbox 378 2501 697 2555; x_wconf 70' lang='lat' dir='ltr'>IVelyradensis</span> <span class='ocrx_word' id='word_1_275' title='bbox 736 2502 922 2542; x_wconf 87' lang='lat' dir='ltr'>ecclesie</span> <span class='ocrx_word' id='word_1_276' title='bbox 956 2505 999 2542; x_wconf 88' lang='lat' dir='ltr'>et</span> <span class='ocrx_word' id='word_1_277' title='bbox 1037 2503 1211 2553; x_wconf 89' lang='lat' dir='ltr'>insuper</span> <span class='ocrx_word' id='word_1_278' title='bbox 1243 2501 1297 2541; x_wconf 89' lang='lat' dir='ltr'>ad</span> <span class='ocrx_word' id='word_1_279' title='bbox 1337 2501 1584 2553; x_wconf 89' lang='lat' dir='ltr'>peticionem</span> <span class='ocrx_word' id='word_1_280' title='bbox 1627 2501 1754 2541; x_wconf 85' lang='lat' dir='ltr'>incliti</span> <span class='ocrx_word' id='word_1_281' title='bbox 1787 2499 2051 2540; x_wconf 85' lang='lat' dir='ltr'>Marchionis</span> 
     </span>
    </p>
   </div>
  </div>
 </body>
</html>
