2212 2876
1068 82 1163 123 191

185 227 281 268 ideo
313 225 500 267 fecimus.
536 227 633 279 quia
666 230 819 278 quanto
854 229 919 266 est
951 223 1149 280 fragilior
1189 228 1231 265 et
1262 225 1452 264 tenerior
1484 235 1618 264 sexus
1660 224 1873 264 muliebrIS
1907 224 2059 265 diuinis

184 297 445 347 mancipatus
479 294 639 335 officiis.
672 298 787 335 tanto
820 295 1032 346 amplioris
1065 295 1194 349 regie
1220 292 1545 348 magnificencie
1580 293 1706 333 debet
1738 294 1888 333 uallari
1920 294 2058 334 bene-

183 363 302 404 ficiis.
336 369 378 404 et
411 366 556 404 muniri
584 365 794 416 presidiis.
842 364 1071 405 Statuimus
1097 365 1220 403 etiam
1251 368 1296 403 ut
1321 363 1457 403 nullus
1491 364 1750 403 camerarius
1783 364 1910 402 intret
1933 363 2058 402 villas

184 434 427 474 monasterii
461 434 511 472 ad
543 430 719 485 alit‘luem
753 433 961 472 citandum
992 433 1061 471 uel
1094 432 1148 472 ad
1180 432 1335 484 aliquid
1361 433 1419 472 ibi
1450 430 1698 471 faciendum.
1731 431 1808 471 sed
1843 429 2060 486 significet

185 503 451 553 procuratori
485 504 628 543 domus
661 503 770 542 illius
803 503 870 541 cui
904 502 1123 542 commissa
1158 500 1284 541 fuerit
1313 502 1563 553 procuracio
1597 502 1638 541 in
1670 501 1982 552 temporalibus.
2015 504 2060 540 ut

185 582 261 611 eos
305 573 424 611 citari
467 570 606 611 faciat.
652 573 719 624 qui
759 575 856 611 sunt
896 571 1066 611 citandi.
1108 574 1303 623 quatinus
1346 571 1413 610 die
1457 574 1499 610 et
1540 570 1633 610 loco
1675 570 1949 610 determinato
1984 581 2058 609 eos

184 651 326 680 coram
370 640 576 680 iudicibus
616 644 785 680 statuat.
819 652 990 692 quorum
1032 641 1210 680 interest
1248 651 1404 679 causas
1445 642 1487 679 et
1528 640 1715 694 negocia
1754 643 1885 693 regni
1923 639 2059 679 nostri

184 712 371 748 tractare
414 713 456 749 et
489 709 678 750 diffinire.
742 710 790 751 Si
831 711 923 761 quis
957 713 1093 748 autem
1134 709 1258 748 alicui
1297 719 1483 760 persone
1525 709 1747 763 religiose.
1787 707 1895 748 insra
1934 712 2058 760 septa

183 779 425 818 monasterii
453 780 677 818 constitute
703 790 849 817 manus
874 779 1068 817 iniecerit
1093 778 1302 817 uiolentas
1336 778 1389 816 ad
1414 778 1590 829 aliquam
1616 778 1673 817 ibi
1698 777 2058 817 dehonestandam

184 848 323 897 capite
357 834 564 897 puniatur.
599 851 641 886 et
674 859 748 898 pro
783 848 1007 886 emunitate
1032 847 1124 886 lesa
1158 847 1412 885 monasterio
1440 846 1585 885 decem
1618 858 1784 885 marcas
1818 848 1908 885 auri
1942 858 2056 886 com-

184 919 325 967 ponat.
359 917 438 955 nisi
480 916 615 968 quoad
650 917 907 955 sentenciam
951 916 1101 966 capitis
1141 915 1251 954 aliud
1292 921 1438 954 nostre
1478 916 1610 954 uisum
1650 913 1774 954 suerit
1813 916 2056 955 clemencie.

183 983 233 1024 Si
275 995 377 1023 uero
417 986 509 1036 quis
550 985 747 1035 irruperit
788 984 1014 1024 claustrum
1054 985 1296 1024 monasterii
1348 985 1403 1024 ibi
1443 984 1596 1036 aliquid
1646 985 1798 1024 iniuste
1841 985 2057 1036 rapiendo.

184 1053 327 1092 ablata
374 1054 582 1092 restituat.
634 1058 760 1105 atque
811 1054 851 1092 in
901 1064 1108 1092 cameram
1158 1058 1344 1093 nostram
1385 1057 1427 1093 et
1475 1048 1772 1093 successorum
1823 1059 2057 1093 nostrorum

184 1121 330 1161 decem
363 1134 527 1162 marcas
553 1123 643 1162 auri
678 1126 912 1173 componat.
938 1123 1006 1162 uel
1039 1123 1268 1162 secundnm
1293 1123 1401 1174 quod
1436 1124 1568 1162 uisum
1602 1121 1727 1162 suerit
1754 1127 1897 1162 nostre
1931 1135 2057 1163 sere-

184 1191 300 1229 nitati
341 1189 588 1231 satisfaciat.
652 1192 833 1242 Insuper
872 1192 1103 1230 statuimus.
1143 1195 1187 1231 ut
1227 1192 1464 1244 quicunque
1504 1192 1699 1231 nobilium
1740 1192 1808 1231 uel
1848 1196 2058 1243 potentum

182 1260 223 1299 in
267 1258 415 1310 prefati
458 1262 698 1300 monasterii
743 1261 871 1300 curiis
904 1260 972 1300 uel
1005 1260 1113 1300 uillis
1147 1261 1435 1311 pernoctando
1478 1261 1547 1303 uel
1579 1261 1773 1301 intrando
1809 1262 1942 1300 eidem
1976 1272 2057 1300 ex-

183 1329 341 1368 titerint
365 1330 566 1369 iniuriosi.
600 1330 778 1368 bannum
805 1334 989 1369 nostrum
1023 1330 1061 1368 in
1097 1329 1242 1369 decem
1268 1331 1420 1369 marcis
1454 1318 1715 1381 componant.
1750 1334 1792 1370 et
1816 1331 1854 1369 ei
1880 1331 2058 1381 dampna

184 1397 297 1437 illata
337 1399 378 1437 in
418 1398 580 1449 duplum
617 1400 850 1438 restituant.
915 1399 1051 1438 Huius
1092 1404 1227 1438 autem
1271 1399 1478 1438 libertatis
1521 1411 1547 1438 a
1575 1400 1708 1439 ’nobis
1751 1411 1972 1439 concesse.
2017 1405 2058 1440 et

184 1467 325 1520 regali
359 1466 645 1506 munificencia
673 1468 839 1506 donate.
875 1466 1037 1519 prefato
1066 1469 1322 1507 monasterio
1348 1463 1532 1507 heredes
1552 1467 1732 1507 -nostros
1766 1472 1926 1508 tutores
1951 1481 2056 1508 con-

184 1536 388 1574 stituimus
423 1540 464 1576 et
497 1535 763 1576 defensores.
798 1541 840 1576 et
873 1537 1074 1588 precipue
1104 1537 1462 1589 filiuntnoslrum
1503 1536 1804 1577 Wenzezlaum
1836 1539 1879 1577 in
1912 1551 2056 1589 reycm

183 1608 488 1645 consecratum.
513 1608 553 1644 et
570 1606 751 1658 fratrem
777 1607 868 1644 eiu-s·
896 1606 1092 1645 Premizl
1113 1605 1401 1645 marchionem
1428 1607 1631 1645 morauie.
1665 1607 1759 1646 Hoc
1785 1608 2056 1647 sanccientes

183 1677 227 1713 ut
259 1674 381 1713 huius
417 1674 630 1728 priuilegii
663 1675 892 1714 uiolatores
933 1675 974 1714 in
1008 1686 1216 1714 cameram
1250 1679 1434 1714 nostram
1474 1678 1516 1714 et
1549 1687 1845 1715 successorum
1884 1680 2055 1716 nostro-

182 1755 271 1782 rum
304 1743 449 1783 decem
475 1755 641 1783 marcas
674 1745 765 1784 auri
790 1750 1050 1795 componant.
1099 1744 1279 1795 Insuper
1306 1747 1552 1798 rogauiinus
1583 1745 1867 1785 venerabilem
1897 1749 2055 1795 patrem

181 1815 368 1853 nostrum
404 1812 648 1853 Roberlum.
684 1812 1003 1853 olomucensem
1044 1813 1298 1864 episcopum.
1338 1814 1379 1852 in
1413 1814 1628 1865 presentia
1668 1813 1736 1853 lilii
1769 1815 1901 1853 nostri
1944 1814 2055 1854 Pre-

182 1881 276 1921 mizl
307 1881 558 1921 marchionis
591 1883 789 1921 morauie.
823 1893 988 1921 necnon
1023 1882 1224 1922 baronum
1267 1886 1514 1921 nostrorum.
1547 1886 1591 1922 ut
1624 1894 1767 1922 omnes
1801 1884 1871 1934 qui
1903 1881 2056 1934 prefati

183 1950 350 1990 cenobii
373 1950 582 1990 uiolarent
608 1953 884 1991 emunitatem.
913 1952 979 2003 qui
1006 1951 1139 1990 eciam
1171 1954 1269 1990 tunc
1294 1952 1491 2002 temporis
1519 1952 1744 1990 ecclesiam
1771 1954 2052 1992 consecrauit.

183 2020 250 2058 cui
292 2030 368 2058 nos
416 2031 505 2057 cum
546 2020 694 2059 illustri
742 2021 930 2074 coniuge
972 2024 1116 2059 nostra
1165 2018 1422 2060 Cous-lancia
1468 2024 1509 2059 et
1550 2018 1630 2059 filio
1680 2024 1824 2059 nostro
1873 2021 2053 2061 Premizl

185 2087 397 2127 antedicto
431 2087 689 2128 interfuimus
723 2090 1116 2128 excommunicaret.
1171 2088 1393 2128 Addentes
1427 2090 1572 2128 eciam.
1606 2092 1650 2128 ut
1682 2089 1868 2129 homines
1903 2089 2053 2141 prefati

183 2156 351 2195 cenobii
382 2167 460 2208 per
491 2156 688 2197 thelonea
722 2161 994 2197 transeuntes
1034 2159 1073 2197 in
1107 2157 1237 2197 rebus
1279 2169 1359 2209 que
1392 2161 1586 2208 spectant
1625 2158 1677 2197 ad
1712 2170 1817 2209 opus
1849 2159 1918 2198 uel
1952 2171 2053 2199 usus

183 2225 368 2264 ecclesie
410 2225 464 2264 ad
504 2237 594 2265 eam
636 2228 676 2266 in
708 2228 1034 2267 necessitatibus
1074 2228 1164 2266 eius
1206 2224 1447 2266 deserendis
1489 2227 1557 2266 uel
1596 2227 1936 2268 transducendis.
1970 2229 2053 2268 sint

182 2306 208 2333 a
241 2293 440 2347 pedagiis
474 2298 515 2334 et
546 2294 753 2336 theloneis
793 2297 987 2336 absoluti.
1050 2297 1320 2337 Mercatorcs
1360 2308 1463 2335 uero
1503 2296 1670 2336 soluant
1709 2297 1818 2348 quod
1851 2298 1916 2337 sui
1949 2298 2051 2336 iuris

182 2367 262 2403 est.
312 2363 407 2402 Hoc
440 2364 573 2403 eciam
605 2365 792 2404 omnibns
820 2377 919 2405 esse
953 2366 1139 2405 uolumus
1166 2363 1426 2404 manifestum
1460 2366 1568 2417 quod
1601 2367 1693 2405 sine
1727 2365 1887 2405 offensa
1920 2367 2050 2406 nostri

183 2432 275 2472 erit.
309 2432 347 2471 si
372 2434 633 2484 prescriptus
666 2435 892 2486 episcopus
925 2439 966 2474 et
992 2436 1082 2474 eius
1107 2445 1399 2474 successores.
1433 2439 1668 2474 nostrarum
1693 2435 2048 2475 constitucIonum.

182 2500 224 2540 in
255 2500 337 2540 hac
370 2502 532 2556 pagina
565 2506 607 2543 et
639 2502 678 2542 in
703 2503 929 2558 priuilegio
963 2504 1284 2559 W'elgradensi
1309 2508 1608 2544 contentarum.
1643 2503 1868 2543 secundum
1903 2504 2048 2544 eccle-
