2212 2876
924 85 1235 154 ᾧ

140 231 443 285 mancipantur,
490 229 712 270 commodis
760 229 965 285 consulat,
1006 231 1049 270 et
1092 229 1315 282 prouideat
1360 229 1553 270 libertati.
1617 229 1826 270 Nouerint
1874 231 2014 284 itaque

139 303 222 341 tam
254 303 481 351 presentes
505 311 627 351 quam
649 297 789 339 suturI.
838 298 959 348 Quod
987 299 1146 339 domum
1177 299 1287 339 illam
1312 310 1432 351 quam
1459 299 1609 340 nobilis
1636 302 1825 340 matrona
1852 300 2014 340 domina

138 368 366 409 Heilwoe'de's
390 368 441 408 de
466 370 636 419 Znoym
667 370 712 408 in
740 368 938 409 Ozlaucm
964 367 1164 423 fundauit,
1192 369 1270 408 sub
1304 373 1448 408 nostra
1474 369 1735 419 protectione
1763 370 2012 421 recepimus.

138 442 285 477 nostre
320 435 581 477 defensionis
614 437 789 488 speciali
824 435 1028 477 benefici⁰
1052 437 1283 492 benignius
1316 435 1536 476 souendam
1571 441 1613 477 et
1645 437 1852 477 tuendam.
1902 438 2013 477 Per-

137 508 402 547 mutationem
437 507 544 546 illam
578 511 708 545 ratam
742 506 963 560 habentes,
998 518 1119 558 quam
1150 505 1315 558 prefata
1356 510 1544 546 matrona
1577 507 1804 546 secundum
1838 507 2012 564 estima-

136 576 290 615 tionem
317 576 508 615 nobilium
532 576 712 614 virorum
744 575 918 614 Leonis.
953 575 1174 630 ΠΥογΖΙειί7
1197 576 1412 630 Howoris,
1446 576 1701 615 Theudorici
1727 576 2011 627 procuratoris

137 645 270 684 nostri
309 656 400 684 cum
440 644 673 684 venerabili
715 645 868 684 abbate
908 645 1036 685 Luca
1080 644 1334 685 Trebecense·
1384 656 1439 684 ex
1479 656 1693 684 consensu
1734 645 1903 696 capituli
1946 647 2010 685 sui

137 713 256 752 duxit
295 713 543 753 habendam.
585 713 783 753 videlicet
823 713 875 753 (le
915 712 1069 753 Horlca
1112 717 1154 753 et
1197 714 1249 753 de
1292 713 1511 753 Ozlawm.
1577 713 1695 762 Quod
1738 715 1885 754 llorka
1919 719 2012 755 erat

136 783 325 833 predium
366 782 528 822 domine
568 782 806 836 Ileilwidis⁷
853 786 895 822 et
935 781 1140 822 Ozlawan
1189 782 1377 833 predium
1417 783 1659 822 monasterii
1706 783 2011 822 Trebecensis.

135 852 185 891 In
219 863 298 904 quo
332 851 479 891 Horka
513 863 603 890 cum
637 851 786 891 nobilis
820 851 886 891 vir
918 851 1148 891 Hartlebus
1182 863 1314 902 nepos
1355 851 1545 902 predicte
1579 855 1766 891 matrone
1799 852 1895 892 illud
1931 854 2010 907 iuS,

136 911 248 973 quod
280 922 315 960 si
348 921 389 959 in
423 920 569 960 eodem
602 920 747 972 predio
781 920 942 960 habere
967 920 1186 972 credebat7
1221 920 1512 973 resignauerit
1545 920 1585 958 in
1619 932 1764 959 manus
1800 933 2008 961 reueren-

136 989 295 1029 dissimi
327 990 406 1029 vii-i
443 988 629 1030 Conradi
662 989 913 1029 Portuensis
947 993 990 1029 et
1021 995 1171 1029 sancte
1211 987 1362 1028 Rufine
1397 991 1584 1040 episcopi
1626 990 1858 1040 apostolice
1892 991 2008 1030 sedis

135 1058 286 1113 legati,
320 1059 388 1110 qui
422 1062 520 1098 tunc
554 1060 752 1109 temporis
787 1059 1026 1109 plenissime
1051 1059 1282 1114 legationis
1316 1057 1450 1097 officio
1486 1060 1524 1097 in
1559 1069 1700 1112 regno
1735 1062 1879 1098 nostro
1912 1058 2009 1098 sun-

135 1127 336 1182 gebatur.
399 1127 537 1166 Villas
579 1138 743 1179 quoque
783 1128 1017 1167 illarle'nicz
1057 1131 1099 1167 et
1138 1127 1442 1167 Pre’bsslmricz
1482 1139 1572 1166 cum
1615 1127 1832 1167 duodecim
1873 1129 2010 1167 vineis

134 1197 176 1236 in
219 1196 400 1236 diuersis
441 1196 546 1236 locis
593 1197 700 1250 sitis,
741 1208 845 1248 quas
884 1196 955 1235 illa
995 1198 1186 1251 ingenua
1231 1201 1419 1235 matrona
1461 1196 1596 1235 eidem
1644 1196 1780 1235 domui
1819 1197 2006 1252 contulit⁷

133 1265 214 1318 ipsi
247 1264 548 1318 confirmamus,
582 1266 756 1305 easdem
797 1266 1096 1316 possessiones
1129 1276 1219 1305 cum
1254 1266 1347 1316 ipsa
1390 1265 1488 1305 villa
1524 1266 1576 1305 de
1611 1266 1818 1305 Ozlawan
1851 1266 2010 1305 liberas

134 1345 234 1374 esse
268 1335 553 1374 decernentes
587 1335 640 1374 ab
675 1335 863 1374 omnibus
897 1335 1193 1374 exactionibus
1227 1333 1330 1388 fisci,
1366 1338 1407 1374 et
1440 1335 1493 1374 ab
1530 1336 1637 1374 omni
1670 1336 1762 1374 iure
1796 1336 1846 1374 ad
1882 1337 2009 1390 regie

134 1404 365 1446 maiestatis
406 1404 623 1443 utilitatem
664 1404 733 1442 vel
775 1404 974 1443 heredum
1016 1407 1250 1444 nostrorum
1293 1408 1531 1458 spectante„
1578 1405 1632 1442 ita
1671 1408 1715 1443 ut
1753 1404 1822 1442 illa
1864 1404 2007 1443 domus

133 1472 292 1512 eisdem
316 1473 508 1527 gaudeat
533 1473 773 1526 priuilegiis
798 1473 946 1524 quibus
972 1473 1126 1512 letatur
1156 1473 1298 1512 domus
1318 1473 1677 1526 Weligradensis
1706 1471 2009 1513 Cisterciensis

134 1542 307 1595 ordinis7
342 1554 463 1593 quam
504 1542 645 1581 inclite
678 1542 874 1581 memorie
915 1540 1046 1581 frater
1079 1547 1225 1581 noster
1266 1542 1541 1581 XVladizlaus
1583 1542 1788 1593 quondam
1821 1542 2006 1581 marchio

132 1611 328 1651 Morauie
355 1609 542 1649 fundauit
568 1613 609 1650 et
637 1611 805 1664 magnis
833 1611 1176 1661 possessionibus
1205 1611 1430 1664 ampliaust,
1458 1606 1568 1650 noue
1593 1611 1817 1665 religionis
1845 1612 2006 1650 sancti-

132 1680 364 1719 monialium
399 1680 611 1719 venustati
655 1683 696 1718 et
729 1679 954 1731 honestati³
999 1691 1080 1732 que
1114 1685 1240 1719 antea
1280 1681 1321 1719 in
1354 1684 1470 1719 terra
1513 1678 1658 1720 nostra
1698 1692 1780 1719 non
1813 1681 2009 1731 apparuit

133 1748 474 1802 congaudentes7
528 1752 571 1788 et
617 1748 892 1799 approbande
941 1750 1129 1800 petitioni
1178 1751 1454 1801 prenominati
1502 1749 1639 1803 legati
1691 1762 1764 1800 pro
1813 1749 2009 1788 libertate

133 1817 276 1857 domus
308 1815 472 1868 prefate
506 1821 549 1856 et
589 1803 824 1857 securitate
854 1819 986 1858 nostri
1019 1829 1257 1858 consensus
1298 1819 1589 1858 auctoritatem
1622 1818 1887 1857 adhibentes.
1951 1818 2009 1859 Ut

131 1890 268 1926 autem
300 1886 380 1925 hec
414 1889 559 1925 nostre
592 1887 836 1926 serenitatis
870 1888 1033 1941 pagina
1075 1891 1280 1939 perpetuo
1312 1888 1467 1928 robore
1507 1886 1703 1942 firmetur,
1737 1899 1829 1927 eam
1862 1889 2008 1926 nostre

131 1955 393 1994 sublimitatis
426 1955 569 2009 sigillo
603 1954 776 1995 fecimus
810 1958 1061 1996 communiri.
1127 1957 1328 1997 Omnibus
1368 1958 1462 2010 illis7
1498 1958 1566 2009 qui
1606 1957 1828 1996 libertates
1862 1956 2006 1995 domus

132 2024 241 2063 illius
281 2027 352 2062 aut
391 2024 482 2063 iura
523 2024 656 2063 eidem
697 2025 832 2064 domui
872 2038 897 2065 a
937 2026 1058 2065 nobis
1105 2037 1317 2066 concessa
1357 2027 1624 2080 violauerint⁷
1672 2037 1820 2077 penam
1861 2025 2007 2064 decem

131 2104 364 2132 marcarum
407 2094 498 2132 auri
536 2091 796 2148 infligentes.
859 2095 995 2134 Huius
1036 2096 1097 2134 rei
1137 2099 1271 2135 testes
1314 2099 1422 2135 sunt.
1464 2095 1739 2135 Venerabilis
1782 2093 2006 2135 Conradus

131 2161 385 2201 Portuensis
419 2165 460 2201 et
493 2166 641 2202 sancte
674 2161 825 2203 Rufine
852 2165 1077 2215 episcopus
1110 2169 1207 2204 tunc
1241 2165 1472 2216 apostolice
1497 2165 1612 2204 sedis
1646 2165 1832 2219 legatus.
1866 2164 2006 2204 Pere-

131 2230 285 2284 grinus
319 2230 576 2270 venerabilis
610 2233 836 2284 episcopus
869 2233 1124 2288 Pragensis.
1158 2235 1433 2274 Venerabilis
1466 2234 1681 2274 Robertus
1716 2233 2005 2274 olomucensis

132 2299 376 2350 episcopus.
410 2300 567 2339 Petrus
601 2301 734 2341 abbas
767 2302 1109 2356 Stragouiensis.
1142 2303 1373 2343 &Valterus
1406 2303 1542 2343 abbas
1576 2303 1628 2342 de
1661 2302 1876 2343 Lutomisl.
1920 2302 2004 2342 Or-

131 2367 296 2419 phanus
344 2367 668 2408 archidiaconus
723 2374 765 2410 et
819 2373 1071 2423 prepositus.
1123 2372 1369 2412 Bernardus
1427 2365 1666 2424 prepositus
1719 2371 2003 2412 Frisacensis.

132 2437 346 2477 Arnoldus
390 2439 629 2489 prepositus
669 2438 1044 2494 WVilegradensis.
1085 2446 1126 2481 et
1166 2442 1233 2481 alii
1278 2453 1398 2493 quam
1441 2442 1583 2493 plures
1624 2446 1703 2480 tam
1743 2440 1850 2479 laice
1885 2450 2003 2490 quam

132 2507 428 2547 ecclesiastice
469 2519 666 2559 persone.
707 2506 1001 2550 Cancellarius
1049 2510 1200 2550 domini
1241 2512 1364 2565 regis
1411 2511 1685 2551 Benedictus.
1717 2508 2005 2561 Marquardus
