2212 2876
1022 63 1089 106 95

125 209 246 261 Quod
295 210 334 250 si
374 221 457 250 non
505 219 650 249 omnes
689 207 770 248 hiis
818 207 1081 260 exequendis
1130 206 1351 259 potueritis
1398 205 1626 259 interesse,
1676 203 1758 244 duo
1809 207 1997 244 vestrum

123 278 412 320 nichilominus
446 280 724 330 exequantur.
771 277 925 317 Datum
949 275 1147 317 ferentini
1179 274 1386 316 Kalendis
1411 273 1691 326 Septembris.
1724 271 1997 314 Pontificatus

122 348 257 389 nostri
288 359 398 388 anno
431 348 633 388 secundo.

435 469 619 502 Fischer
642 467 843 502 Schicksale
867 477 930 498 von
956 466 1134 499 Kloster
1157 465 1353 508 Neuburg
1376 465 1421 497 11.
1447 463 1536 498 174.

954 643 1163 684 LXXXI.

127 756 364 810 otakarus,
406 759 666 799 Boemorum
712 769 817 808 rear,
859 756 1054 796 Honorio
1100 766 1240 807 papae
1279 753 1368 793 III.
1410 751 1639 806 respondet
1676 751 1736 792 ad
1776 753 1997 804 proposita

184 830 332 867 contra
363 839 422 879 se,
456 827 736 867 innocentiam
769 838 892 865 suam
924 823 1188 864 eoeeusando.
1223 836 1284 862 cc.
1318 833 1460 862 mense
1491 820 1742 874 Septembri,
1781 820 1935 862 1217.

252 920 526 981 Venerabili
551 940 592 978 in
617 937 789 979 Christo
815 937 920 989 patri
947 936 1108 976 domino
1139 935 1329 976 Honorio
1354 946 1510 974 summo
1535 931 1731 987 pontifici,
1757 932 1995 973 ouocarus.

123 1008 294 1050 Gratias
327 1020 415 1063 ago
456 1009 698 1060 paternitati
732 1012 893 1060 vestre,
935 1005 1044 1058 quod
1085 1005 1193 1044 inter
1226 1008 1396 1044 ceteros
1436 1003 1652 1054 principes
1683 1013 1748 1042 me
1789 1001 1996 1056 diligatis,

123 1082 165 1118 et
198 1078 306 1130 quod
347 1079 553 1117 moneatis
594 1088 672 1130 me,
714 1080 755 1116 et
795 1079 991 1131 arguatis
1026 1086 1100 1126 pro
1141 1074 1278 1113 salute
1321 1074 1457 1113 anime
1489 1083 1595 1112 mee.
1658 1071 1820 1112 Verum
1858 1074 1997 1111 tamen

124 1158 359 1202 cognosco,
407 1147 516 1199 quod
562 1147 686 1186 multa
735 1145 953 1185 mendacia
1002 1142 1169 1184 suerunt
1210 1143 1425 1182 sanctitati
1471 1144 1619 1181 vestre
1667 1140 1721 1180 de
1767 1151 1832 1180 me
1873 1140 1996 1180 dicta.

125 1217 230 1257 Nam
271 1228 480 1269 nunquam
522 1227 668 1256 manus
709 1215 918 1255 violentas
959 1215 1001 1253 in
1041 1213 1223 1252 clericos
1263 1212 1402 1266 inieci⁷
1444 1221 1525 1251 nec
1565 1210 1769 1250 collectas
1809 1210 1996 1261 imposui.

125 1285 408 1339 Interdictum,
441 1286 540 1325 licet
572 1286 726 1325 iniuste
767 1285 1011 1337 impositum⁷
1044 1282 1238 1335 seruaui3
1278 1282 1379 1320 auxi
1412 1280 1504 1320 iura
1542 1279 1832 1333 ecclesiarum,
1865 1289 1996 1330 para-

126 1360 277 1407 tusque
308 1366 477 1406 semper
510 1367 598 1395 sum
633 1354 673 1394 id
706 1352 866 1406 facere,
902 1357 943 1392 et
975 1354 1067 1392 iura
1100 1351 1287 1391 ecclesie
1320 1361 1489 1401 semper
1520 1351 1819 1389 manutenere:
1854 1351 1896 1388 et
1932 1348 1995 1388 sic

127 1425 315 1475 promitto
348 1425 560 1465 sanctitati
595 1427 755 1476 vestre7
791 1428 835 1462 vt
867 1422 991 1461 latius
1024 1420 1274 1474 intelligetis
1308 1430 1384 1471 per
1418 1419 1594 1458 nuncios
1626 1428 1756 1458 meos.

434 1544 653 1586 Maurique
677 1543 797 1575 Annal.
823 1541 964 1575 Cisterc.
988 1541 1047 1574 IV.
1083 1539 1169 1573 142.
1198 1560 1240 1564 -—
1268 1539 1469 1582 Raynald.
1492 1539 1592 1571 XIII.
1621 1536 1713 1571 284.
1742 1557 1787 1562 —
1815 1538 1995 1570 Bzovius

539 1595 582 1627 ad
611 1593 726 1626 1218.
757 1613 798 1617 —
827 1593 1043 1635 originale
1072 1603 1155 1625 cum
1186 1593 1295 1624 bulla
1324 1601 1449 1624 aurea
1477 1591 1643 1634 pendente
1672 1599 1692 1623 a
1714 1590 1818 1622 latere
1841 1591 1873 1622 in
1896 1589 1995 1622 tabu-

539 1648 631 1679 lariis
656 1647 874 1678 Vaticanis
900 1644 1109 1678 adservatur.

943 1821 1067 1863 Lxx
1076 1822 1172 1861 XII.

254 1928 496 1989 Honorius
530 1957 640 1997 papa
674 1945 748 1986 111.
783 1944 968 1985 Otacaro
1001 1943 1102 1997 regi
1128 1943 1328 1983 Boemiae
1362 1941 1523 1994 scribit⁷
1557 1951 1606 1980 se
1639 1943 1737 1980 ante
1770 1938 1995 1979 adventum

127 2016 359 2055 nuntiorum
392 2027 558 2055 suorum
592 2015 692 2054 nihil
725 2018 870 2054 contra
903 2013 1115 2052 Boemiam
1147 2011 1351 2052 facturum
1385 2021 1497 2049 csse.
1540 2009 1609 2049 nt.
1644 2008 1690 2048 2.
1722 2008 1992 2061 Novembris,

137 2084 285 2125 ¹217.

436 2201 655 2243 Palacky's
685 2201 787 2233 Reisc
816 2218 859 2223 —
888 2210 920 2241 p.
944 2199 1008 2232 21.
1040 2209 1057 2231 e
1082 2199 1230 2241 Regesto
1260 2198 1428 2229 Honorii
1459 2196 1520 2228 III.
1551 2196 1604 2227 lib.
1635 2195 1678 2226 11.
1710 2196 1806 2237 epist.
1835 2191 1927 2226 697.
1950 2210 1994 2218 —-

540 2252 728 2294 Raynald
752 2252 794 2284 ad
818 2261 944 2284 annum.
