2212 2876
1032 109 1137 161 ’299

147 261 349 301 Predbor
397 260 449 301 de
486 260 636 302 Diuilc.
679 260 939 302 Pra‘bz'slaus.
973 264 1236 304 sz'ezlaus.
1279 261 1390 305 Dina
1420 264 1502 318 filii
1533 266 1637 304 eius.
1675 265 1772 307 Leo
1804 266 1855 305 de
1887 267 2023 307 Bole-

146 329 340 370 lit-adicz.
375 331 627 371 Birnenses.
668 330 918 371 Willzelmus
946 334 1255 384 puryyrauz'us·
1287 333 1515 374 Artlz'ebus.
1563 334 1713 374 Vierso
1746 337 2024 376 camerarius.

147 399 283 439 Hrut.
311 399 607 439 Wirclzoslaus
632 401 895 439 camerarius
923 400 1090 440 domine
1120 402 1467 451 marchionissa)
1520 403 1633 443 Acta
1667 407 1764 443 sunt
1796 404 1876 443 hec
1910 416 2021 445 anno

148 467 351 508 dominice
391 469 694 508 incarnationis
734 467 1056 509 MCCXXXV.
1102 470 1334 511 Indictione
1376 472 1497 511 VIII.
1533 472 1713 527 ⁸Datum
1763 484 1839 524 per
1877 486 2022 514 manus

146 536 313 588 Hylarii
344 538 499 577 notarii
526 538 570 576 in
601 538 775 577 Brunna
808 538 879 577 V:
896 538 1118 579 Kalendas
1150 540 1326 590 Aprilis.
1573 537 1577 539 ”

456 636 512 669 Ex
535 637 732 679 originali
755 638 787 669 in
810 637 945 669 archivo
970 648 1000 670 c.
1026 648 1051 670 r.
1075 638 1180 670 aulico
1205 637 1468 671 vindobonae
1493 642 1591 672 etex
1613 639 1756 674 Annal.
1780 640 1999 674 Zabrdow.

958 814 1118 857 CCLX
1126 817 1202 856 ΙΙΙ.

148 907 385 960 Greqorius
414 922 533 962 papa
566 910 645 950 IX.
673 910 896 963 confirmat
925 910 1171 950 donationes
1206 910 1477 952 Constantine
1502 912 1681 962 reqz'nae
1712 912 2020 965 hospitaliariis

193 991 289 1018 cum
319 978 449 1018 rubea
481 979 603 1038 stella
635 976 814 1030 Proque
842 979 998 1032 factas.
1031 981 1104 1019 Dt.
1146 980 1337 1032 Peru-sii,
1370 980 1470 1020 XV.
1504 981 1608 1021 Kal.
1641 982 1782 1033 Junii,
1821 982 1974 1023 1235.

281 1071 543 1145 Gregorius
576 1091 803 1142 episcopus
836 1102 989 1131 seruus
1029 1103 1248 1131 seruorum
1285 1091 1365 1131 dei.
1428 1092 1608 1132 Dilectis
1648 1091 1741 1132 filiis
1775 1096 1946 1150 rectori,
1980 1099 2022 1136 et

146 1157 347 1199 fratribus
379 1160 598 1211 hospitalis
619 1161 755 1199 sancti
788 1160 1008 1199 Francisci
1032 1160 1266 1215 Pragensi,
1299 1161 1475 1200 salutem
1508 1165 1551 1201 et
1583 1163 1855 1213 apostolicam
1881 1164 2020 1205 bene-

148 1227 385 1268 dictionem.
448 1229 579 1268 Filius
622 1230 769 1281 summi
807 1230 945 1283 regiS,
986 1231 1053 1281 qui
1094 1229 1223 1268 habet
1262 1230 1304 1268 in
1337 1230 1425 1269 suis
1466 1230 1656 1270 manibus
1690 1231 1821 1271 corda
1853 1244 2022 1289 regum,

147 1296 394 1337 charissime
442 1298 483 1336 in
525 1295 697 1338 Christo
740 1295 821 1337 filie
868 1301 1012 1337 nostre
1053 1296 1304 1339 Constantie
1351 1299 1501 1338 illustri
1541 1300 1698 1354 regine
1740 1301 1913 1342 Boemie
1954 1303 2021 1343 in—

145 1367 336 1420 spirauit,
371 1368 413 1405 et
445 1366 675 1417 prudenter
697 1367 936 1421 attendens,
970 1371 1012 1407 et
1036 1367 1242 1407 humiliter
1275 1378 1614 1424 recognoscens,
1641 1369 1751 1421 quod
1784 1372 1865 1410 etsi
1899 1370 2021 1412 diues

147 1436 189 1475 in
229 1436 417 1475 omnibus
457 1435 659 1489 dominus,
700 1447 780 1475 non
824 1437 904 1475 nisi
951 1449 1025 1487 pro
1066 1437 1186 1476 nobis
1227 1440 1363 1491 egeat
1412 1437 1533 1477 bonis
1574 1439 1753 1493 nostris3
1802 1443 2020 1492 acceptum

145 1508 285 1544 tamen
318 1507 384 1544 est
417 1504 470 1558 ei,
502 1508 546 1544 ut
578 1508 790 1559 creatura,
823 1516 906 1544 non
939 1505 1070 1545 solum
1102 1517 1194 1558 sua,
1236 1505 1314 1560 sed
1348 1507 1471 1546 etiam
1504 1509 1772 1559 semetipsam
1796 1509 2017 1560 *impendat

146 1573 414 1624 beneplacito
447 1574 669 1627 creatoris,
710 1577 754 1613 ut
794 1574 847 1614 de
887 1575 1101 1625 perceptis
1139 1573 1357 1614 beneficiis
1397 1575 1564 1629 gratias
1604 1576 1815 1617 exhibens
1855 1579 2020 1629 potiora

146 1644 370 1694 percipere
402 1646 634 1695 1nereatur3
667 1654 794 1682 secus
829 1643 1060 1697 agentibus
1093 1644 1297 1695 reputatis
1340 1645 1539 1699 ingratis,
1573 1656 1742 1697 quorum
1776 1657 1879 1697 spes
1912 1659 2019 1688 eua-

146 1712 297 1765 nescit,
330 1714 374 1751 ut
405 1723 550 1762 spuma
584 1712 778 1766 gracilis,
812 1723 893 1764 que
927 1712 1119 1752 deiicitur
1151 1725 1175 1752 a
1201 1713 1401 1767 procella,
1436 1714 1490 1753 illi
1528 1714 1658 1755 voluit
1689 1715 1794 1755 dare
1827 1716 2018 1772 quedam,

147 1781 217 1832 qui
249 1780 331 1819 sibi
364 1781 535 1820 contulit
575 1781 795 1835 uniuersa,
836 1785 878 1821 ut
912 1793 985 1832 pro
1017 1783 1270 1821 transitoriis
1311 1783 1526 1834 reciperet
1558 1784 1650 1822 sine
1694 1782 1774 1823 fine
1806 1796 2018 1840 mansura,

146 1852 190 1890 et
220 1852 394 1889 terrena
426 1861 501 1900 pro
528 1849 757 1889 celestibus
790 1848 901 1889 felici
926 1851 1172 1890 commercio
1206 1855 1490 1891 commutaret.
1537 1852 1658 1893 Sicut
1690 1854 1797 1892 enim
1831 1854 2018 1894 eiusdem

145 1918 303 1972 regine
335 1918 473 1958 littere
507 1918 628 1958 nobis
661 1919 849 1958 exhibite
873 1920 1157 1974 continebant,
1192 1921 1283 1971 ipsa
1314 1933 1388 1972 pro
1423 1922 1558 1960 animo
1591 1933 1669 1961 sue
1695 1923 1879 1962 remedio
1912 1935 2017 1975 pos-

147 1987 381 2041 sessiones,
415 1991 458 2027 et
490 1998 561 2027 res
587 1988 706 2041 alias,
741 2000 844 2040 quas
874 1990 969 2028 emit
1001 2000 1025 2028 a
1058 1989 1279 2043 magistro,
1313 1993 1355 2029 et
1380 1987 1583 2029 fratribus
1616 1990 1834 2041 hospitalis
1867 1996 2017 2033 sancte

145 2055 290 2096 Marie
323 2055 660 2110 Teutonicorum,
700 2057 896 2109 hospitali
930 2062 1090 2111 vestro,
1125 2058 1233 2109 quod
1279 2058 1430 2098 dilecta
1465 2060 1505 2098 in
1539 2057 1710 2099 Christo
1744 2058 1825 2100 filia
1858 2062 2016 2116 Agnes

146 2126 275 2179 virgo
308 2128 408 2164 nata
434 2125 590 2178 regine
623 2125 813 2176 predicte
838 2126 892 2166 ad
916 2127 1117 2166 honorem
1141 2127 1255 2166 beati
1280 2127 1498 2166 Francisci
1526 2132 1846 2184 construxerat;
1879 2131 2015 2182 quod-

146 2203 228 2245 que
268 2193 323 2232 ad
362 2192 590 2234 Romanam
638 2195 863 2235 ecclesiam
902 2196 1012 2236 nullo
1061 2197 1244 2247 pertinet
1281 2195 1505 2249 mediante,
1554 2196 1809 2237 liberalitate
1849 2199 1931 2253 pia,
1972 2203 2016 2239 et

146 2261 310 2301 liberali
343 2262 515 2302 contulit
540 2263 716 2318 pietate,
749 2268 871 2316 prout
897 2266 939 2304 in
972 2265 1128 2304 eisdem
1154 2265 1304 2304 litteris
1339 2265 1604 2320 expressius,
1638 2269 1680 2306 et
1707 2255 1875 2318 ⁴plenius
1909 2279 2013 2307 con-

146 2330 315 2370 tinetur.
372 2329 515 2379 Quare
547 2330 622 2371 suit
654 2343 710 2372 ex
741 2337 862 2384 parte
895 2337 1043 2373 vestra
1074 2333 1194 2373 nobis
1228 2333 1434 2373 humiliter
1473 2335 1761 2388 supplicatum,
1800 2339 1845 2376 ut
1878 2337 2012 2376 dona-

146 2399 298 2439 tionem
337 2399 565 2440 huiusmodi
611 2401 840 2452 apostolico
880 2402 1156 2456 dignaremur
1203 2403 1423 2442 munimine
1465 2404 1683 2444 roborare.
1747 2405 1838 2451 Nos
1879 2406 2011 2459 igitur

146 2469 304 2508 vestris
336 2469 710 2520 supplicationibus
744 2471 974 2526 benignum
1007 2472 1292 2522 impertientes
1327 2483 1562 2526 assensum,
1597 2472 2010 2513 donationemeam-

147 2536 252 2591 dem,
286 2537 394 2577 sicut
425 2539 493 2589 pie
527 2549 578 2578 ac
611 2538 785 2590 prouide
824 2537 937 2580 facta
970 2544 1049 2594 est,
1083 2542 1333 2581 auctoritate
1367 2542 1598 2593 apostolica
1631 2541 1932 2596 confirmamus,
1967 2548 2009 2583 et

1585 2608 1698 2650 38ss
