2212 2876
181 242 309 281 supra
344 230 503 279 scripta
537 225 722 265 ecclesia
755 222 808 262 ad
848 233 925 261 sue
957 221 1146 261 Vtilitatis
1187 217 1437 258 commodum
1477 218 1599 267 prout
1631 214 1712 254 sibi
1751 215 1885 254 visum
1928 212 2053 255 fuerit

182 298 458 350 dispensabit.
522 296 623 335 Item
665 294 701 332 si
733 302 925 343 umquam
963 290 1152 329 homines
1187 286 1337 339 prefati
1380 286 1634 325 monasterii.
1670 296 1745 335 per
1779 294 2052 336 quoscunque

181 369 302 408 citari
336 366 578 419 contigerit.
606 375 679 415 pro
714 371 972 413 quacumque
1002 370 1145 398 causa.
1178 370 1261 397 non
1287 357 1391 395 alias
1424 355 1501 393 sed
1527 354 1802 393 tautummodo
1836 355 1877 393 in
1902 353 2053 393 iudicio

180 437 398 491 pragensi
435 418 761 485 respondebunt.
825 419 1007 480 Insuper
1041 429 1163 467 etiam
1202 426 1404 477 capellam
1445 423 1581 463 sancti
1614 423 1767 463 Jacobi
1801 423 1980 474 apostoli
2013 424 2054 462 in

182 505 409 545 domaslich
445 515 525 555 que
559 500 762 553 quondam
789 511 814 538 a
846 498 1134 538 iurisdictione
1158 491 1445 547 preno‘minate
1480 493 1665 532 ecclesie
1699 503 1774 543 per
1807 492 2056 531 violenciam

181 573 318 614 suerat
365 574 504 613 ablata
552 582 643 610 cum
696 569 784 608 suis
832 567 1093 619 appendiciis
1148 568 1351 616 perpetuo
1401 561 1698 614 possidendam
1753 564 2055 601 restauramus.

182 642 380 685 Ceturum
414 642 517 680 duos
542 638 725 679 heredes
749 641 917 677 nostros
951 648 1040 675 cum
1065 635 1240 674 circuitu
1273 633 1379 672 silue
1413 643 1494 683 que
1527 631 1650 671 bonis
1678 630 1865 669 ecclesie
1898 641 2054 670 memo-

182 717 275 753 rate
317 710 542 750 adiacebat
582 709 622 747 in
662 708 763 746 villa
808 704 1109 756 'Prehenycich
1153 704 1288 743 eidem
1328 701 1513 741 ecclesie
1547 700 1792 739 addidimus.
1842 698 2056 740 Custodes

182 785 364 821 attamen
398 781 438 819 in
465 779 564 818 villa
589 777 928 827 Otrocynyeves.
953 785 1057 826 quos
1086 773 1288 825 quondam
1314 771 1461 811 eadem
1487 770 1674 810 ecclesia
1707 781 1784 821 per
1809 769 2057 809 uiolenciam

183 854 413 902 occupatos
447 849 659 887 amiserat.
694 846 879 884 ecclesie
919 844 1054 883 sancti
1088 843 1270 883 ‚Ioannis
1310 842 1493 891 baptiste
1527 841 1570 879 in
1610 840 1735 881 Ueliz
1776 837 2055 893 suffraganee

184 931 275 960 sue.
310 919 364 958 ad
398 930 517 970 quam
551 918 659 956 sicut
692 928 765 966 pro
800 918 916 953 certo
952 912 1239 963 comperimus.
1274 911 1489 962 pertinere
1524 912 1755 948 noscuntur
1788 908 2056 948 ascribentes

184 990 225 1029 in
258 983 501 1040 perpetuum
535 985 789 1025 reddidimus
830 982 1125 1034 possidendos.
1190 980 1344 1020 Omnes
1379 980 1510 1018 eciam
1552 982 1672 1017 actus
1705 978 1904 1017 bonorum
1939 979 2057 1029 prin-

184 1060 332 1110 cipum.
367 1060 562 1109 quantum
602 1055 717 1094 cirea
759 1053 1055 1092 monasterium
1096 1050 1385 1091 Ostrouiensis
1426 1048 1605 1087 abbacie
1639 1047 1827 1086 studiose
1871 1049 2057 1101 egerint.

185 1131 229 1168 et
261 1126 453 1181 egregia
486 1123 751 1164 fundacione.
785 1122 1020 1161 donacione
1060 1131 1141 1159 sev
1174 1116 1496 1158 confirmacione
1536 1117 1856 1170 priuilegiorum
1890 1129 2059 1156 suorum

184 1196 420 1237 memoriam
453 1195 517 1234 sui
540 1192 746 1233 fecerunt.
775 1192 816 1230 in
849 1203 973 1230 vnum
1000 1190 1191 1229 collecta.
1214 1189 1466 1238 incipientes
1494 1198 1519 1225 a
1546 1185 1769 1239 primordio
1793 1184 2059 1226 sundacionis

185 1266 373 1306 eiusdem
405 1263 647 1303 monasterii
681 1272 824 1301 omnes
865 1259 1166 1311 possessiones
1199 1269 1279 1297 sev
1318 1257 1452 1296 dotes.
1487 1256 1557 1296 vel
1591 1259 1736 1295 cetera
1776 1256 1872 1295 Deo
1907 1256 2060 1296 collota

188 1334 392 1387 [collata]
421 1338 463 1373 vt
495 1334 536 1371 in
561 1337 793 1382 conspectu
818 1330 1096 1381 presencium.
1126 1331 1168 1367 et
1202 1325 1430 1368 futurorum
1458 1325 1588 1364 robur
1614 1325 1832 1364 obtineant
1852 1326 2060 1382 fueritatis

187 1409 229 1444 et
270 1405 311 1443 in
345 1407 532 1442 eternum
565 1401 703 1440 stabili
745 1397 1064 1439 confirmacione
1104 1397 1306 1437 inviolata
1352 1398 1625 1446 permaneant
1664 1395 1706 1433 in
1746 1407 1869 1434 vnum
1912 1395 2061 1449 colligi

187 1478 229 1514 et
255 1472 464 1512 conscribi
494 1471 688 1510 iussimus
713 1470 824 1508 hunc
850 1469 891 1507 in
914 1468 1086 1507 modum.
1113 1467 1237 1506 Anno
1267 1465 1471 1504 dominice
1506 1464 1819 1503 incarnacionis
1847 1464 2060 1505 millesimo

187 1543 331 1598 gratia
365 1542 447 1581 Dei
482 1540 567 1579 (lux
608 1539 839 1579 Bolas-laus
876 1538 993 1590 filiu-s·
1026 1538 1118 1576 sem·
1159 1535 1354 1575 Boleslai
1386 1545 1462 1585 per
1496 1534 1631 1573 omnia
1670 1544 1776 1572 vere
1810 1533 2061 1588 katholicus,

188 1624 328 1652 amore
363 1609 457 1649 fidei
491 1607 735 1648 inllamatus.
768 1611 985 1659 postquam
1018 1606 1142 1645 multa
1177 1604 1373 1644 ecclesiis
1406 1603 1491 1642 Dei
1524 1603 1640 1642 Vtilia
1674 1602 1893 1642 ordinauit.
1927 1614 2062 1655 seque

188 1683 297 1721 viam
338 1681 538 1720 vniuerse
583 1679 723 1717 carnis
765 1678 1060 1730 ingressurum
1107 1675 1333 1726 persensit.
1374 1671 1547 1713 feruens
1588 1673 1629 1711 in
1669 1673 1818 1723 spiritu
1857 1673 2061 1713 caritatis.

188 1752 322 1790 10011111
356 1750 560 1801 quendam
594 1748 732 1787 seruis
766 1747 851 1786 Dei
884 1757 960 1797 per
994 1745 1194 1797 quosdam
1226 1743 1389 1783 nobiles
1423 1743 1593 1781 inuenit.
1628 1745 1670 1781 et
1703 1753 1793 1781 eum
1827 1742 1868 1781 in
1902 1742 2062 1782 honore

190 1821 327 1860 sancti
359 1819 568 1858 ,iohannis
594 1817 775 1868 baptiste
809 1818 851 1855 et
875 1815 1045 1854 aliorum
1079 1817 1318 1853 sanctorum
1342 1810 1577 1852 confirmari
1610 1811 1813 1862 precepit.
1836 1809 2062 1862 preficiens

190 1876 229 1930 ei
263 1888 466 1941 quendam
500 1888 609 1926 bone.
653 1887 736 1926 vite
771 1886 903 1925 virum
945 1885 1108 1924 nomine
1149 1883 1425 1923 Lantbertum
1465 1880 1623 1920 ordinis
1663 1881 1801 1920 sancti
1839 1880 2063 1920 Benedicti

190 1958 433 1998 monachum
467 1957 518 1996 ab
553 1956 750 1995 Altaensi
791 1955 1044 1994 monasterio
1087 1957 1304 1992 euocatum
1338 1962 1443 1990 vere
1483 1950 1713 1990 israelitam
1744 1950 1787 1989 in
1819 1961 1908 2004 *quo
1943 1949 2063 1989 dolus

191 2040 273 2068 non
308 2032 411 2066 erat.
453 2037 572 2077 quem
606 2025 685 2065 filio
726 2037 802 2064 suo
836 2025 960 2064 tertio
1003 2023 1201 2063 Boleslao
1242 2022 1346 2061 satis
1388 2020 1566 2059 industri
1604 2020 1695 2059 viro
1735 2019 1833 2059 licet
1865 2019 2063 2058 inualitu-

192 2096 289 2136 dine
323 2097 514 2147 corporis
548 2098 728 2135 attactus
762 2094 940 2133 sollicite
974 2104 1113 2132 coram
1148 2091 1391 2143 primatibus
1424 2090 1513 2129 suis
1547 2088 1862 2128 commendauit.
1897 2095 1939 2128 et
1971 2100 2064 2129 eum

193 2166 386 2205 abbatem
421 2166 562 2203 vocari
598 2168 639 2203 et
679 2175 780 2204 esse
820 2163 1022 2214 precepit.
1084 2162 1225 2216 Igitur
1265 2160 1456 2214 glorioso
1497 2158 1605 2197 duce
1644 2158 1844 2197 Boleslao
1886 2169 1942 2198 ex
1982 2158 2063 2198 hac

193 2236 287 2274 luce
320 2234 549 2273 subtracto.
584 2232 688 2273 filius
723 2235 814 2273 eius
848 2233 992 2272 tertias
1032 2231 1264 2271 Balesium·
1297 2229 1463 2280 paterni
1504 2230 1693 2280 precepti
1727 2239 1809 2266 non
1843 2228 2063 2266 immemor.

194 2305 422 2355 predictum
457 2303 651 2342 abbatem
685 2304 763 2353 piis
796 2302 979 2341 moribus
1013 2305 1200 2340 ornatum
1233 2303 1331 2338 tunc
1354 2299 1553 2350 temporis
1588 2297 1787 2348 episcopo
1821 2296 2064 2351 Theadago

195 2373 510 2412 commendauit.
552 2376 593 2410 et
634 2373 675 2411 in
715 2373 779 2410 sui
822 2372 1048 2422 presencia
1087 2372 1210 2421 prout
1249 2372 1370 2419 pater
1416 2367 1707 2419 postulauerat
1747 2377 1839 2406 eum
1877 2365 2065 2405 ordinari

196 2444 401 2493 precepit.
436 2446 561 2492 atque
595 2441 674 2479 loci
709 2441 839 2491 ipsiu-s
872 2441 992 2479 situm
1026 2444 1067 2479 et
1100 2438 1404 2489 amplitudinem
1438 2437 1480 2475 111
1513 2436 1577 2476 8111
1611 2447 1753 2475 curam
1785 2434 1986 2486 suscepit.
2022 2437 2064 2474 et

195 2516 239 2551 ut
271 2514 361 2563 post
400 2512 540 2561 patuit.
575 2511 747 2549 oninium
780 2510 979 2548 bonorum
1013 2509 1217 2559 inceptor.
1259 2509 1300 2545 et
1332 2505 1539 2545 stabilitor
1572 2516 1649 2556 per
1689 2505 1876 2544 semitam
1908 2503 2064 2543 iustitie
