2212 2876
110 259 355 310 quicumque
388 257 583 297 nobilium
625 258 667 297 in
699 255 850 309 prefati
884 237 1124 308 mffigasterii
1161 258 1270 297 uillis
1303 268 1381 298 seu
1414 257 1542 297 curiis
1575 256 1863 308 pernoctando
1897 268 1976 296 seu

108 327 301 367 intrando
341 327 557 367 extiterint
596 327 798 366 iniuriosi.
837 326 1019 369 banmrm
1059 330 1242 366 nostrum
1285 328 1326 366 in
1360 327 1506 366 decem
1543 327 1696 365 marcis
1736 326 1826 365 auri
1860 337 1976 365 com-

108 399 277 447 ponant.
321 399 363 435 et
396 396 436 435 ei
469 395 645 447 dampna
686 395 798 435 illata
832 397 873 434 in
917 395 1080 446 duplum
1119 397 1354 435 restituant.
1418 395 1554 434 Huius
1594 382 1730 434 autem
1770 394 1975 434 libertatis

108 476 134 504 a
166 465 288 503 nobis
322 475 531 504 concesse
565 468 606 504 et
639 464 858 516 principali
889 462 1166 504 munificentia
1209 463 1361 503 donate
1394 462 1557 515 prefato
1589 464 1842 503 monasterio
1875 474 1977 502 suc-

108 543 309 573 cessores
343 538 510 573 nostros
536 537 577 573 et
609 534 643 572 si
670 533 998 588 deoblargiente
1024 533 1208 572 heredes
1232 533 1478 572 habebimus
1506 536 1665 572 tutores
1688 518 1977 572 constituimus

108 605 151 641 et
183 600 447 641 defensores.
511 602 606 641 Hoc
639 603 900 641 sanctieirtes
941 606 987 641 ut
1016 602 1138 641 huius
1173 600 1388 655 priuilegii
1424 588 1654 640 uioi'atores
1694 601 1736 640 in
1770 613 1978 640 cameram

108 674 293 710 nostram
342 682 723 722 successorumque
772 674 1006 710 nostrorum
1058 670 1204 710 decem
1242 682 1407 710 mareas
1456 671 1546 709 auri
1594 670 1854 721 componant.
1917 670 1979 710 Vt

108 743 246 778 autem
280 739 360 779 hec
393 743 538 779 nostre
563 739 826 779 liberalitatis
860 740 1083 778 concessio
1116 743 1274 778 remoto
1309 722 1827 789 cuiuslibet*inpedimenti
1853 751 1978 778 scru—

107 809 203 860 pulo
244 809 374 848 robur
411 812 615 859 perpetue
656 808 842 848 obtineat
885 806 1096 847 firmitatis.
1136 808 1269 861 sigilli
1308 809 1441 847 nostri
1480 808 1698 847 munimine
1738 812 1976 859 presentem

106 878 306 931 paginam
332 877 595 917 decreuimus
620 878 832 931 insigniri.
856 877 1022 916 testium
1048 876 1233 915 adhibita
1257 876 1588 927 subscripcione.
1615 886 1784 927 quorum
1813 877 1977 916 nomina.

106 947 150 985 in
182 947 459 998 sequentibus
492 947 769 986 continentur.
810 946 1039 984 Heinricus
1073 945 1125 984 de
1155 956 1263 984 nouo
1297 945 1485 984 castello.
1512 944 1698 984 Zezema
1732 943 1976 990 filius-eius.

107 1014 362 1055 Pribizlaus.
384 1015 640 1066 Dyrsizlaus
662 1012 728 1053 filii
746 1014 926 1065 Pyrkos.
945 1014 1090 1055 Stibor
1110 1018 1151 1053 et
1172 1014 1348 1052 Beneda
1375 1012 1544 1052 fratres.
1573 1012 1758 1052 Wocko.
1775 1013 1977 1053 Andreas

107 1085 316 1138 germani.
358 1083 506 1135 Cyrho
544 1087 586 1123 et
621 1083 880 1125 Chaztolous
921 1084 1131 1137 germani.
1164 1083 1320 1121 XVirso
1362 1094 1452 1121 cum
1485 1080 1565 1121 filio
1605 1066 1818 1121 Nedainir.
1852 1083 1978 1122 Rati-

107 1153 250 1193 borius
284 1164 373 1192 cum
415 1151 518 1192 filiis.
552 1153 757 1192 Hartleuo
800 1156 841 1192 et
872 1153 999 1191 Jane.
1041 1152 1272 1191 Ilartleuus
1307 1151 1359 1191 de
1392 1152 1589 1202 Mirzlay.
1629 1151 1834 1190 Albertus
1874 1152 1977 1190 bur-

106 1223 287 1276 grauius
320 1222 362 1261 in
395 1222 558 1261 Vrane.
591 1220 816 1262 Cunradus
850 1233 940 1260 cum
972 1221 1226 1260 Ranoszirio
1270 1220 1322 1259 (le
1355 1220 1498 1259 Plaus.
1531 1220 1753 1259 Bohubud.
1786 1220 1976 1260 Beneda.

106 1291 323 1330 Ranoszir
361 1292 555 1344 magistri
589 1294 848 1330 uenatorum.
888 1290 1126 1329 Pribizlaus
1168 1289 1431 1328 Jarossonis.
1472 1289 1725 1328 Nedamims
1766 1300 1855 1328 cum
1896 1287 1976 1329 filio

106 1359 346 1400 Wersone.
379 1361 472 1399 Ben
501 1360 760 1412 burgrauius
786 1359 1107 1410 Znoyemensis.
1141 1358 1400 1397 u'illialmus
1425 1359 1696 1397 camerarius.
1730 1358 1976 1409 Luppoldus

106 1429 310 1478 pincerna
343 1440 431 1467 cum
460 1426 658 1468 fratribus
682 1428 970 1479 Marquoardo
1006 1432 1048 1467 et
1073 1427 1314 1467 Wiursuno.
1340 1427 1487 1466 Hruto.
1514 1427 1672 1466 Bonus.
1705 1427 1975 1467 Lutoborius.

108 1507 197 1536 cum
240 1495 450 1536 fratribus.
491 1497 636 1536 Bolius
678 1501 719 1536 et
758 1497 883 1536 Jane.
925 1496 1103 1535 XVezen
1142 1501 1386 1535 uenatorum
1427 1497 1645 1550 magister.
1686 1496 1889 1535 Albertus
1923 1497 1976 1536 de

107 1565 259 1604 Kaniz.
294 1565 429 1616 Oztoy
455 1569 497 1605 et
530 1566 711 1605 Detolez
742 1565 794 1604 de
821 1565 1013 1604 nei-ban.
1039 1566 1266 1604 Heni-icus.
1292 1565 1496 1604 l'ribram.
1525 1565 1789 1604 Branizlaus.
1815 1565 1974 1616 Lupus.

107 1634 263 1673 Velen.
297 1634 501 1673 Vezemil.
540 1635 730 1674 Jacobns
765 1634 891 1673 iudex
931 1635 1178 1673 Brenensis.
1212 1633 1471 1674 Szemizlaus
1512 1635 1770 1672 camerarius
1805 1633 1975 1673 Olomu-

108 1704 263 1741 censis.
297 1703 404 1754 Rym
431 1708 620 1742 uenator.
651 1703 756 1742 Leo.
780 1703 991 1742 Lubomir.
1025 1703 1208 1742 Lassek.
1232 1702 1514 1741 ἎἹοΙιειιῚίηκ.
1542 1702 1746 1752 Szpitata.
1772 1702 1974 1742 Albertus

108 1771 160 1811 de
208 1772 404 1823 Zlywan.
452 1772 637 1812 wittek.
687 1772 911 1823 U'oytech
959 1771 1011 1810 (le
1057 1771 1246 1811 Medlow
1293 1782 1383 1809 cum
1432 1758 1663 1821 Stephano*
1700 1769 1831 1810 fratre
1882 1783 1972 1811 suo.

107 1841 255 1880 Budko
288 1841 495 1881 Mracota.
530 1842 597 1880 W
602 1842 772 1892 iperius.
812 1840 1145 1880 Bartliolomeus.
1179 1840 1436 1879 Fridericus.
1475 1840 1631 1890 Mylos.
1673 1840 1974 1880 Mai-ewardus

107 1909 281 1960 Symon.
311 1908 531 1960 Capeliani
557 1909 820 1949 marchionis.
869 1910 981 1948 Acta
1013 1914 1109 1948 sunt
1133 1909 1213 1948 liec
1245 1921 1355 1947 anno
1389 1913 1541 1962 gracie
1567 1906 1973 1948 M.Cc.xxx.1111.

107 1978 341 2018 Indictione
391 1979 468 2018 VI.
538 1979 690 2018 Datum
738 1979 900 2030 Znoym
949 1990 1024 2029 per
1068 1989 1213 2017 manus
1261 1977 1382 2028 ylarii
1428 1978 1576 2016 notarii
1626 1977 1703 2016 XI.
1750 1975 1971 2017 Kalendas

108 2046 363 2087 Nouenbris.

419 2145 473 2178 Ex
501 2146 696 2187 originali
727 2147 757 2177 in
788 2146 923 2177 archivo
955 2145 1103 2186 ejusdem
1132 2147 1336 2185 monasterii3
1366 2146 1450 2184 sign.
1482 2145 1523 2176 H.
1555 2145 1588 2176 5.
1618 2164 1661 2168 —
1690 2144 1858 2177 Exn-usum
1884 2145 1971 2187 apud

521 2197 670 2229 Pelzel
687 2198 820 2229 —Karl
845 2198 903 2229 lv.
927 2199 957 2229 iu
982 2197 1158 2229 confirmat.
1185 2196 1300 2228 1350.
1327 2197 1352 2228 Ι.
1382 2195 1468 2228 119.
