2212 2876
1033 96 1132 136 116

142 251 220 280 nos
254 241 383 291 ipsam
427 238 690 279 donationem
731 240 773 278 et
806 237 1040 277 donationis
1081 238 1316 277 memoriam
1364 239 1553 288 presenti
1594 238 1754 292 pagina
1798 241 1840 278 et
1879 237 2012 296 sigilli

144 311 275 350 nostri
308 309 525 349 munimine
567 308 857 347 roborauimus
891 318 982 346 cum
1021 307 1165 360 sigillo
1200 307 1386 346 ecclesie
1429 306 1733 347 olomucensis.
1767 318 1857 346 cum
1889 307 2013 347 testi-

139 379 276 419 monio
311 379 433 418 etiam
466 381 508 417 et
538 376 694 430 sigillis
727 376 984 427 specialibus
1011 387 1285 426 personarum
1319 376 1450 425 ipsius
1485 375 1671 414 ecclesie
1704 379 1746 414 et
1776 380 2013 416 ceterorum

141 446 314 487 fratrum
354 448 422 499 qui
461 446 528 486 hic
568 446 858 484 nominetenus
899 446 1199 495 exprimuntur.
1263 444 1366 498 Ego
1407 444 1635 483 Walterus
1679 444 1868 484 decanus
1910 444 2034 496 Ol,o-'

141 517 353 556 mocensis
387 519 428 555 et
460 514 786 554 archidiaconus
818 514 1085 553 Brunnensis
1119 517 1161 552 et
1201 513 1482 556 znoemensis
1515 513 1611 552 huic
1653 513 1873 552 donacioni
1907 525 2013 552 con-

144 586 335 625 sentiens
365 585 575 636 proprium
609 582 793 637 sigillum
820 584 1008 633 apposui.
1056 582 1159 636 Ego
1192 581 1437 633 Stephanus
1469 582 1707 633 prepositus
1734 582 2014 621 olomocensis

146 655 331 694 ecclesie
373 652 644 692 consentiens
686 652 894 703 proprium
936 651 1121 704 sigillum
1169 651 1358 702 apposui.
1424 651 1525 706 Ego
1568 650 1813 692 Radozlaus
1855 651 2014 690 olomo-

144 724 287 763 censis
327 721 654 761 archidiaconus
705 721 979 760 consentiens
1024 721 1230 770 proprium
1271 720 1456 774 sigillum
1496 721 1687 770 apposui.
1751 720 1852 773 Ego
1891 719 2010 772 Esau

143 791 470 832 archidiaconus
517 790 806 842 prerowensis
847 790 1119 828 consentiens
1168 790 1377 840 proprium
1428 789 1613 843 sigillum
1656 790 1845 840 apposui.
1909 788 2014 842 Ego

141 861 324 912 Moyses
353 859 679 899 archidiaconus
711 858 1037 898 Brezlauiensis.
1067 859 1340 896 consentiens
1372 858 1582 909 proprium
1606 857 1791 911 sigillum
1824 857 2014 908 apposui.

144 930 247 984 Ego
280 929 462 969 Vtissen
494 928 725 968 canonicus
758 926 971 966 consensi.
1034 926 1136 979 Ego
1176 927 1327 966 Ysaac
1362 927 1592 966 canonicus
1634 926 1849 965 consensi.
1912 925 2014 979 Ego

142 998 334 1039 Jacobus
368 998 598 1037 canonicus
623 996 835 1036 consensi.
877 996 978 1049 Ego
1006 993 1188 1035 Sisi-idus
1222 996 1452 1034 canonicus
1487 995 1700 1034 consensi.
1741 995 1842 1049 Ego
1866 993 2015 1033 Theo-

146 1067 315 1107 dericus
342 1068 573 1106 canonicus
598 1066 810 1105 consensi.
850 1065 952 1119 Ego
976 1064 1198 1103 Johannes
1223 1065 1453 1104 canonicus
1479 1064 1692 1103 consensi.
1734 1064 1836 1118 Ego
1860 1063 2016 1102 Petrus

147 1137 378 1176 canonicus
420 1135 633 1175 consensi.
696 1135 799 1188 Ego
841 1132 1067 1174 Conradus
1108 1134 1339 1172 canonicus
1379 1134 1592 1172 consensi.
1656 1133 1759 1186 Ego
1801 1132 2015 1172 Zeborius

144 1206 375 1245 canonicus
409 1204 622 1244 consensi.
685 1204 788 1257 Ego
821 1202 1005 1242 Arcleus
1039 1205 1081 1240 et
1120 1212 1264 1241 omnes
1307 1203 1501 1241 canonici
1534 1202 1838 1240 consensimus.
1902 1201 2016 1240 Acta

143 1276 240 1313 sunt
274 1273 352 1312 hec
384 1273 668 1324 sollempniter
700 1271 740 1310 in
775 1270 985 1311 olomucz.
1019 1282 1129 1310 anno
1163 1270 1314 1310 domini
1335 1268 1595 1311 MCCXX.
1628 1281 1772 1310 mense
1806 1270 2015 1324 Avgvsti.

143 1342 390 1383 Indictione.
424 1342 523 1382 VII.
555 1340 748 1381 feliciter.
781 1341 932 1380 Amen.

457 1442 511 1475 Ex
536 1440 734 1482 originali
759 1439 880 1480 duplici
906 1439 989 1480 (sub
1013 1440 1099 1481 sign.
1129 1439 1171 1472 E.
1196 1440 1222 1471 1.
1247 1442 1281 1471 et
1302 1439 1335 1472 J.
1360 1440 1408 1482 1.)
1438 1439 1565 1471 archivi
1597 1438 1745 1480 ejusdem
1775 1439 1962 1470 monasterii
1986 1439 2017 1470 in

560 1494 694 1534 registr.
719 1502 748 1523 c.
772 1502 798 1523 r.
823 1491 993 1523 Guberuii.
1016 1510 1059 1514 —
1082 1491 1164 1524 Item
1188 1491 1466 1535 apographum
1490 1493 1522 1522 in
1546 1490 1662 1523 codiee
1685 1489 1921 1522 Welehrad.
1946 1489 2016 1521 Ms.

560 1544 615 1577 fol.
642 1543 703 1576 15.

1002 1693 1162 1736 CVIII.

148 1804 395 1853 Heinricus,
429 1801 499 1853 qui
531 1802 569 1839 et
616 1798 892 1849 vivade‘slaus,
925 1797 1118 1837 marchio
1157 1797 1396 1847 Meretrice,
1431 1796 1597 1848 confert
1632 1794 2017 1835 Daubrawnicensz·

184 1872 439 1912 monasterio
472 1869 697 1909 ecclesiam
729 1869 773 1907 in
805 1866 1004 1919 Basti-tce
1037 1879 1132 1906 cum
1158 1867 1265 1918 Jure
1294 1868 1544 1918 patronatus
1577 1868 1615 1904 et
1645 1864 1738 1904 dote
1770 1863 1967 1916 ejusdem.

667 1937 816 1977 Actum
853 1937 896 1976 ἱη
929 1938 1070 1975 castro
1110 1931 1304 1987 IVeweij7
1344 1933 1496 1974 1220.

279 2011 339 2072 In
371 2029 535 2069 nomine
569 2031 717 2067 sancte
751 2030 793 2066 et
824 2026 1038 2066 indiuidue
1070 2025 1269 2064 trinitatis
1303 2035 1436 2063 amen.
1483 2023 1585 2077 Ego
1610 2022 1839 2062 Heinricus
1873 2023 1942 2073 qui
1975 2025 2018 2061 et

151 2099 437 2141 wladizlaus.
471 2097 540 2137 dei
579 2097 724 2151 gratia
756 2096 941 2136 marchio
973 2094 1171 2135 Morauie
1212 2097 1294 2132 tam
1326 2092 1597 2143 presentibus
1638 2102 1759 2143 quam
1792 2089 1942 2130 suturis
1975 2091 2017 2130 in

153 2172 408 2221 perpetuum.
473 2164 696 2220 Contingit
735 2176 840 2217 sepe
883 2163 991 2216 quod
1024 2161 1137 2202 sacta
1169 2162 1374 2201 hominum
1415 2161 1514 2200 licet
1546 2161 1625 2200 rite
1658 2164 1701 2200 et
1732 2159 2017 2210 sollempniter

152 2237 382 2278 celebrata.
414 2235 612 2286 temporis
650 2234 833 2274 labentis
865 2232 1161 2273 incertitudine
1201 2233 1244 2271 et
1275 2230 1477 2270 hominum
1511 2228 1739 2270 futurorum
1771 2228 2019 2283 ignorantia

154 2305 354 2346 immutari
386 2304 534 2344 solent.
568 2304 647 2343 nisi
681 2304 891 2354 scripture
931 2301 1096 2342 tenacis
1135 2298 1325 2340 firmitate
1359 2299 1623 2338 roborentur.
1656 2310 1739 2350 qua
1772 2298 1903 2338 omnis
1937 2297 2017 2336 du-

155 2375 321 2416 bietatis
362 2372 585 2424 scrupulus
635 2373 671 2411 si
711 2371 877 2423 quando
917 2374 1092 2410 exortus
1143 2367 1269 2409 suerit
1310 2368 1446 2407 statim
1486 2371 1717 2407 enei-uatur
1755 2370 1798 2407 et
1840 2366 2016 2406 deletur.

154 2445 303 2484 Notum
342 2443 396 2482 sit
436 2442 575 2493 itaque
619 2441 832 2480 Vniuersis
873 2440 951 2479 hos
990 2440 1153 2494 pagine
1193 2438 1338 2489 apices
1386 2437 1641 2488 inspecturis
1682 2435 1791 2487 quod
1831 2446 1908 2474 nos
1951 2434 2017 2473 ius

154 2515 397 2565 patronatus
431 2510 615 2551 ecclesie
648 2511 690 2550 in
713 2510 902 2550 Bistrice
934 2520 1008 2561 pro
1042 2507 1227 2549 remedio
1252 2507 1388 2547 anime
1420 2509 1566 2547 nostre
1599 2509 1642 2546 et
1663 2505 2017 2557 predecessorum
