2212 2876
1039 101 1245 162 2⁷78}—

160 245 299 285 diuina
330 245 514 285 marchio
548 243 746 285 Merauie
780 246 974 296 personis
1009 256 1060 284 ac
1093 245 1198 284 locis
1238 244 1457 299 religiosis
1491 257 1566 296 pro
1600 246 1739 287 salute
1772 246 1907 286 anime
1942 257 2036 286 mee

159 326 210 354 ac
244 315 563 369 progenitorum
604 325 685 353 nec
726 326 807 353 non
848 325 1144 353 successorum
1180 325 1362 353 meorum
1403 315 1444 353 in
1489 315 1690 354 omnibus.
1733 326 1814 367 que
1854 318 2036 367 ipsorum

159 384 485 425 commoditatem
531 384 830 435 utilitatemque
872 384 1103 434 respiciunt
1142 383 1470 422 misericorditer
1511 387 1553 423 et
1593 385 1660 435 pie
1711 372 1886 435 cupiens
1936 397 2036 435 pro-

157 453 319 492 uidere.
363 453 500 491 uillam
542 453 748 503 quandam
790 452 924 492 Leuiz
965 454 1129 492 nomine
1162 454 1404 492 monasterii
1445 452 1497 491 de
1532 452 1803 492 Zabir'douiz
1843 454 1962 493 sitam
1994 454 2036 493 in

158 522 379 561 Holachiz.
412 522 505 561 sine
539 523 647 561 omni
673 523 936 573 excepcione
969 522 1021 561 ab
1047 522 1258 561 uniuersis
1291 522 1564 561 seruitutibus
1599 526 1641 561 et
1666 514 1897 561 honeribus
1931 534 2036 573 spe—

160 591 336 629 cialibus
383 591 476 629 siue
525 591 807 630 communibus
856 591 1048 630 liberaui.
1105 591 1336 630 libertatem
1384 591 1462 630 sibi
1518 591 1744 642 plenariam
1794 591 2035 630 concedens

159 658 387 699 secundum
421 663 609 699 tenorem
649 661 967 715 priuilegiorum
1010 660 1331 714 Velgradensis
1365 661 1606 700 monasterii
1641 661 1698 699 ita
1731 660 1943 700 uidelicet.
1993 663 2038 700 ut

159 729 295 767 nullus
338 730 663 769 camerariorum
706 741 783 769 seu
824 728 1186 769 beneficiariorum
1233 731 1560 781 prenominatam
1599 730 1736 769 uillam
1778 741 1851 781 pro
1896 730 2037 781 aliqua

158 797 458 837 molestacione
500 799 568 838 uel
602 800 831 838 occasione
870 800 1134 853 grauaminis
1168 799 1325 838 audeat
1364 800 1550 838 introire.
1584 803 1629 839 ut
1671 799 1724 838 ab
1759 799 1905 839 eadem
1938 799 2037 838 uilla

157 878 250 906 mea
283 867 463 906 licencia
506 871 548 907 et
580 866 801 907 fauorabili
843 879 1057 907 consensu
1098 868 1256 907 demum
1297 868 1543 908 Teutonicis
1585 868 1740 908 habita.
1785 868 1958 908 liberius
1996 870 2039 908 et

161 936 335 987 amplius
368 937 622 976 monasterio
656 937 708 976 de
743 937 1001 977 Zabirdouiz
1034 937 1176 976 ualeat
1208 939 1431 977 sel-uicium
1467 937 1675 977 exhiberi.
1739 938 1864 977 Hanc
1897 938 2037 988 itaque

157 1005 360 1059 paginam
401 1005 592 1056 predicte
635 1007 929 1045 concessionis
970 1007 1022 1045 ob
1074 1012 1318 1057 perpetuam
1360 1007 1597 1045 memoriam
1638 998 1695 1046 et*
1726 1006 2037 1046 habundantem

159 1074 362 1113 cautelam
409 1075 542 1129 sigilli
590 1076 670 1114 mei
717 1075 945 1114 karactere
988 1076 1192 1129 insigniui
1240 1077 1404 1115 testium
1455 1076 1777 1127 subscripcione
1825 1076 2037 1129 adiuncta,

160 1153 331 1194 quorum
371 1145 534 1184 nomina
573 1147 671 1183 sunt
702 1144 806 1184 hec:
849 1145 1021 1184 Vlricus
1054 1143 1160 1184 filius
1204 1145 1323 1184 ducis
1363 1145 1602 1184 Karinthie.
1640 1145 1856 1184 Arnoldus
1895 1156 2038 1184 comes

159 1211 213 1251 de
252 1212 512 1252 Hucswach.
562 1213 738 1252 XVocko
780 1213 1136 1253 subcamerarius.
1194 1214 1399 1254 Albertus
1448 1214 1501 1253 de
1538 1214 1743 1254 Medlow.
1790 1213 2037 1266 Stephanus

158 1278 293 1321 srater
326 1282 526 1322 eiusdem.
568 1282 814 1334 Luppoldus
848 1284 1107 1323 castellanus
1151 1284 1203 1323 de
1245 1283 1535 1338 Megdeberc.
1576 1284 1871 1322 Volurammus
1904 1281 2038 1323 frater

159 1351 264 1390 eius.
304 1351 479 1391 Bochko
522 1353 794 1392 marscalcus.
836 1353 971 1392 Mikul
1011 1351 1145 1392 frater
1185 1353 1289 1392 eius.
1336 1353 1487 1393 Mileta
1529 1353 1582 1393 de
1617 1352 1801 1394 Gradez.
1842 1352 2037 1403 VVoyna.

159 1419 349 1459 Beneda.
382 1421 546 1460 Victor.
572 1421 701 1461 Onso.
736 1422 883 1462 Bludo.
915 1422 1115 1463 Zwerch.
1154 1422 1262 1461 vilk.
1289 1422 1500 1462 Lubomir.
1526 1422 1787 1463 Predborius
1821 1421 1873 1462 de
1897 1421 2037 1462 Diuiz.

159 1486 265 1528 filius
298 1490 390 1529 eius
422 1489 673 1530 Pribizlaus.
737 1491 891 1531 Datum
926 1493 965 1531 in
1001 1492 1180 1544 Opavia.
1213 1492 1440 1532 indictione
1474 1493 1574 1532 vll.

472 1590 526 1621 Ex
548 1591 744 1633 originali
776 1592 808 1623 in
830 1592 968 1623 archivo
993 1602 1022 1624 c.
1045 1603 1072 1624 r.
1097 1592 1203 1624 aulico
1235 1591 1514 1635 vindobonae.

989 1767 1209 1810 CCm'll.

164 1858 376 1913 premysl,
409 1862 601 1902 marchio
626 1864 864 1915 Morsu-iae,
889 1865 1145 1903 monasterio
1179 1864 1475 1905 Oslowcmensz·
1502 1864 1669 1917 confert
1683 1864 1762 1916 J‘us
1786 1865 2035 1916 patronatus

324 1930 472 1970 Novae
503 1933 709 1972 ecclesiae
747 1932 1064 1984 &Vettlm-clzen)
1097 1935 1141 1973 z'n
1173 1933 1368 1974 districtu
1401 1933 1645 1986 opaviensi.
1716 1933 1869 1973 1234.

294 2022 513 2083 Omnibus
540 2046 757 2096 presentia
788 2045 943 2085 uisuris
969 2043 1129 2086 Christi
1152 2043 1342 2085 fidelibus
1374 2045 1617 2097 P[remysl]
1643 2044 1710 2085 dei
1736 2045 1883 2099 gratia
1909 2044 2035 2085 Mar-

162 2109 256 2149 chio
289 2111 518 2152 Moravvie
553 2118 739 2154 eternam
772 2115 814 2154 in
847 2113 1008 2154 domino
1042 2115 1228 2155 salutem.
1285 2114 1487 2164 Quoniam
1519 2115 1748 2170 generatio
1783 2115 1961 2166 preterit
1994 2119 2036 2154 et

163 2181 390 2234 generatio
416 2182 588 2222 advenit
612 2184 785 2235 plurima
813 2188 986 2236 propter
1011 2184 1307 2224 hebetudinem
1337 2185 1530 2224 mentium
1554 2197 1579 2224 a
1602 2185 1799 2224 memoria
1831 2183 2034 2223 hominum

163 2248 397 2288 elabuntur.
463 2250 606 2299 Quare
638 2254 733 2304 paci
768 2256 810 2292 et
833 2254 1119 2305 tranquillitati
1152 2253 1214 2293 Μ.
1244 2253 1462 2293 abbatisse
1489 2256 1532 2294 et
1556 2256 1790 2293 conuentus
1816 2252 1868 2292 de
1897 2252 2033 2293 Ozla-

163 2329 258 2356 tran
291 2319 499 2369 prouisum
527 2332 625 2361 esse
657 2323 849 2362 uolentes
876 2323 1143 2362 vniuersitati
1169 2327 1314 2362 vestre
1338 2323 1380 2362 in
1405 2323 1593 2374 presenti
1625 2321 1769 2377 sigillo
1802 2326 1844 2362 et
1870 2322 2035 2376 pagina

164 2387 307 2426 notitie
356 2391 668 2430 transmittinms
717 2380 813 2444 quia
854 2393 918 2431 ivs
960 2395 1206 2443 patronatus
1251 2402 1359 2431 nove
1404 2392 1581 2431 ecclesie
1635 2392 1716 2431 site
1756 2391 1799 2430 in
1846 2389 2034 2444 terminis

165 2457 376 2507 oppavvie
409 2459 518 2498 sicut
549 2460 683 2500 libere
710 2465 751 2500 et
776 2462 916 2513 quiete
942 2465 1023 2501 tam
1046 2472 1267 2513 nosquam
1298 2460 1452 2504 dilecta
1478 2462 1592 2502 'uxor
1618 2465 1763 2502 nostra
1787 2461 1866 2501 visi
1893 2471 2034 2501 sumus

167 2529 388 2580 possidere
421 2522 666 2569 contulimu's
700 2531 822 2570 dictis
855 2531 1074 2571 abbatisse
1114 2535 1157 2571 et
1195 2532 1420 2572 conuentui
1460 2543 1511 2571 ac
1544 2531 1814 2571 successuris
1847 2529 2033 2570 eiusdem
