<?xml version="1.0" encoding="UTF-8"?>
<!DOCTYPE html PUBLIC "-//W3C//DTD XHTML 1.0 Transitional//EN"
    "http://www.w3.org/TR/xhtml1/DTD/xhtml1-transitional.dtd">
<html xmlns="http://www.w3.org/1999/xhtml" xml:lang="en" lang="en">
 <head>
  <title>
</title>
<meta http-equiv="Content-Type" content="text/html;charset=utf-8" />
  <meta name='ocr-system' content='tesseract 3.04.00' />
  <meta name='ocr-capabilities' content='ocr_page ocr_carea ocr_par ocr_line ocrx_word'/>
</head>
<body>
  <div class='ocr_page' id='page_1' title='image "./codexdiplomaticu02morauoft_0290.png"; bbox 0 0 2212 2876; ppageno 0'>
   <div class='ocr_carea' id='block_1_1' title="bbox 1058 90 1166 131">
    <p class='ocr_par' dir='ltr' id='par_1_1' title="bbox 1058 90 1166 131">
     <span class='ocr_line' id='line_1_1' title="bbox 1058 90 1166 131; baseline 0 -1"><span class='ocrx_word' id='word_1_1' title='bbox 1058 90 1166 131; x_wconf 76' lang='lat'><strong>280</strong></span> 
     </span>
    </p>
   </div>
   <div class='ocr_carea' id='block_1_2' title="bbox 1047 229 1201 272">
    <p class='ocr_par' dir='ltr' id='par_1_2' title="bbox 1047 229 1201 272">
     <span class='ocr_line' id='line_1_2' title="bbox 1047 229 1201 272; baseline -0.013 0"><span class='ocrx_word' id='word_1_2' title='bbox 1047 229 1201 272; x_wconf 74' lang='lat' dir='ltr'>CCLI.</span> 
     </span>
    </p>
   </div>
   <div class='ocr_carea' id='block_1_3' title="bbox 190 325 2052 514">
    <p class='ocr_par' dir='ltr' id='par_1_3' title="bbox 190 325 2052 514">
     <span class='ocr_line' id='line_1_3' title="bbox 190 325 2052 381; baseline -0.003 -11"><span class='ocrx_word' id='word_1_3' title='bbox 190 328 405 381; x_wconf 48' lang='lat' dir='ltr'><strong>premysl,</strong></span> <span class='ocrx_word' id='word_1_4' title='bbox 444 327 635 368; x_wconf 67' lang='lat' dir='ltr'><strong>marchio</strong></span> <span class='ocrx_word' id='word_1_5' title='bbox 666 327 905 378; x_wconf 66' lang='lat' dir='ltr'><strong>Mor-aviae,</strong></span> <span class='ocrx_word' id='word_1_6' title='bbox 939 326 1164 378; x_wconf 73' lang='lat' dir='ltr'><strong>confirmat</strong></span> <span class='ocrx_word' id='word_1_7' title='bbox 1193 337 1336 364; x_wconf 73' lang='lat' dir='ltr'><strong>onmes</strong></span> <span class='ocrx_word' id='word_1_8' title='bbox 1367 325 1661 376; x_wconf 74' lang='lat' dir='ltr'><strong>possessiones</strong></span> <span class='ocrx_word' id='word_1_9' title='bbox 1694 327 1814 376; x_wconf 72' lang='lat' dir='ltr'><strong>atque</strong></span> <span class='ocrx_word' id='word_1_10' title='bbox 1845 325 2052 364; x_wconf 66' lang='lat' dir='ltr'><strong>libertates</strong></span> 
     </span>
     <span class='ocr_line' id='line_1_4' title="bbox 221 394 2022 450; baseline -0.003 -12"><span class='ocrx_word' id='word_1_11' title='bbox 221 399 364 439; x_wconf 68' lang='lat' dir='ltr'><strong>domui</strong></span> <span class='ocrx_word' id='word_1_12' title='bbox 394 398 615 450; x_wconf 63' lang='lat' dir='ltr'><strong>hospitalis</strong></span> <span class='ocrx_word' id='word_1_13' title='bbox 647 409 681 436; x_wconf 83' lang='lat' dir='ltr'><strong>s.</strong></span> <span class='ocrx_word' id='word_1_14' title='bbox 715 396 900 436; x_wconf 65' lang='lat' dir='ltr'><strong>Jocmrm&#39;s</strong></span> <span class='ocrx_word' id='word_1_15' title='bbox 932 395 1309 446; x_wconf 69' lang='lat' dir='ltr'><strong>Hiero-solymitani</strong></span> <span class='ocrx_word' id='word_1_16' title='bbox 1342 395 1385 433; x_wconf 77' lang='lat' dir='ltr'><strong>in</strong></span> <span class='ocrx_word' id='word_1_17' title='bbox 1417 394 1632 433; x_wconf 70' lang='grc' dir='ltr'><em>Μοναυὶα.</em></span> <span class='ocrx_word' id='word_1_18' title='bbox 1693 394 1799 433; x_wconf 75' lang='lat' dir='ltr'><strong>Acta</strong></span> <span class='ocrx_word' id='word_1_19' title='bbox 1831 395 2022 445; x_wconf 65' lang='lat' dir='ltr'><strong>Brumae,</strong></span> 
     </span>
     <span class='ocr_line' id='line_1_5' title="bbox 775 462 1473 514; baseline -0.003 -11"><span class='ocrx_word' id='word_1_20' title='bbox 775 463 847 504; x_wconf 70' lang='grc' dir='ltr'><strong>ΓΙ.</strong></span> <span class='ocrx_word' id='word_1_21' title='bbox 881 463 987 503; x_wconf 79' lang='lat' dir='ltr'><strong>Idus</strong></span> <span class='ocrx_word' id='word_1_22' title='bbox 1014 462 1278 514; x_wconf 66' lang='lat' dir='ltr'><strong>Novembris,</strong></span> <span class='ocrx_word' id='word_1_23' title='bbox 1319 462 1473 502; x_wconf 73' lang='lat'><strong>1234.</strong></span> 
     </span>
    </p>
   </div>
   <div class='ocr_carea' id='block_1_4' title="bbox 189 561 2064 2559">
    <p class='ocr_par' dir='ltr' id='par_1_4' title="bbox 189 561 2064 2559">
     <span class='ocr_line' id='line_1_6' title="bbox 320 561 2054 627; baseline -0.003 -8"><span class='ocrx_word' id='word_1_24' title='bbox 320 561 379 621; x_wconf 68' lang='lat' dir='ltr'><strong>In</strong></span> <span class='ocrx_word' id='word_1_25' title='bbox 413 578 575 618; x_wconf 87' lang='lat' dir='ltr'><strong>nomine</strong></span> <span class='ocrx_word' id='word_1_26' title='bbox 615 571 764 616; x_wconf 75' lang='lat' dir='ltr'><strong>safmte</strong></span> <span class='ocrx_word' id='word_1_27' title='bbox 797 575 992 615; x_wconf 78' lang='lat' dir='ltr'><strong>trinitatis</strong></span> <span class='ocrx_word' id='word_1_28' title='bbox 1037 577 1078 615; x_wconf 90' lang='lat' dir='ltr'><strong>et</strong></span> <span class='ocrx_word' id='word_1_29' title='bbox 1111 574 1321 614; x_wconf 84' lang='lat' dir='ltr'><strong>indiuidue</strong></span> <span class='ocrx_word' id='word_1_30' title='bbox 1363 575 1547 613; x_wconf 75' lang='lat' dir='ltr'><strong>unitatis.</strong></span> <span class='ocrx_word' id='word_1_31' title='bbox 1611 574 1712 627; x_wconf 84' lang='lat' dir='ltr'><strong>Ego</strong></span> <span class='ocrx_word' id='word_1_32' title='bbox 1747 573 1952 612; x_wconf 88' lang='lat' dir='ltr'><strong>Premisle</strong></span> <span class='ocrx_word' id='word_1_33' title='bbox 1987 573 2054 614; x_wconf 90' lang='lat' dir='ltr'><strong>dei</strong></span> 
     </span>
     <span class='ocr_line' id='line_1_7' title="bbox 190 641 2054 703; baseline -0.004 -15"><span class='ocrx_word' id='word_1_34' title='bbox 190 650 342 703; x_wconf 79' lang='lat' dir='ltr'>gracia</span> <span class='ocrx_word' id='word_1_35' title='bbox 376 647 558 687; x_wconf 85' lang='lat' dir='ltr'><strong>marchio</strong></span> <span class='ocrx_word' id='word_1_36' title='bbox 592 645 787 686; x_wconf 80' lang='lat' dir='ltr'><strong>Morauie</strong></span> <span class='ocrx_word' id='word_1_37' title='bbox 821 645 956 684; x_wconf 82' lang='lat' dir='ltr'><strong>domui</strong></span> <span class='ocrx_word' id='word_1_38' title='bbox 989 644 1210 694; x_wconf 81' lang='lat' dir='ltr'><strong>hospitalis</strong></span> <span class='ocrx_word' id='word_1_39' title='bbox 1243 655 1278 682; x_wconf 76' lang='lat' dir='ltr'><strong>S.</strong></span> <span class='ocrx_word' id='word_1_40' title='bbox 1311 642 1526 683; x_wconf 67' lang='lat' dir='ltr'><strong>Johmmis</strong></span> <span class='ocrx_word' id='word_1_41' title='bbox 1561 645 1602 682; x_wconf 89' lang='lat' dir='ltr'><strong>et</strong></span> <span class='ocrx_word' id='word_1_42' title='bbox 1636 641 1836 681; x_wconf 80' lang='lat' dir='ltr'><strong>fratribus</strong></span> <span class='ocrx_word' id='word_1_43' title='bbox 1870 642 1920 681; x_wconf 76' lang='lat' dir='ltr'><strong>ad</strong></span> <span class='ocrx_word' id='word_1_44' title='bbox 1957 641 2054 681; x_wconf 87' lang='lat' dir='ltr'><strong>illud</strong></span> 
     </span>
     <span class='ocr_line' id='line_1_8' title="bbox 190 711 2055 769; baseline -0.005 -11"><span class='ocrx_word' id='word_1_45' title='bbox 190 717 493 769; x_wconf 81' lang='lat' dir='ltr'><strong>pertinentibus</strong></span> <span class='ocrx_word' id='word_1_46' title='bbox 535 716 575 754; x_wconf 91' lang='lat' dir='ltr'><strong>in</strong></span> <span class='ocrx_word' id='word_1_47' title='bbox 610 718 868 766; x_wconf 76' lang='lat' dir='ltr'><strong>perpetuum.</strong></span> <span class='ocrx_word' id='word_1_48' title='bbox 929 713 1052 753; x_wconf 82' lang='lat' dir='ltr'><strong>Licet</strong></span> <span class='ocrx_word' id='word_1_49' title='bbox 1094 714 1221 751; x_wconf 85' lang='lat' dir='ltr'><strong>simus</strong></span> <span class='ocrx_word' id='word_1_50' title='bbox 1255 712 1446 751; x_wconf 88' lang='lat' dir='ltr'><strong>iuuenilis</strong></span> <span class='ocrx_word' id='word_1_51' title='bbox 1488 712 1611 750; x_wconf 86' lang='lat' dir='ltr'><strong>etatis</strong></span> <span class='ocrx_word' id='word_1_52' title='bbox 1644 715 1780 750; x_wconf 86' lang='lat' dir='ltr'><strong>tamen</strong></span> <span class='ocrx_word' id='word_1_53' title='bbox 1815 723 1905 749; x_wconf 83' lang='lat' dir='ltr'><strong>cum</strong></span> <span class='ocrx_word' id='word_1_54' title='bbox 1939 711 2055 762; x_wconf 86' lang='lat' dir='ltr'><strong>prin-</strong></span> 
     </span>
     <span class='ocr_line' id='line_1_9' title="bbox 189 780 2055 838; baseline -0.004 -12"><span class='ocrx_word' id='word_1_55' title='bbox 189 799 295 838; x_wconf 88' lang='lat' dir='ltr'><strong>ceps</strong></span> <span class='ocrx_word' id='word_1_56' title='bbox 326 788 464 826; x_wconf 86' lang='lat' dir='ltr'><strong>simus.</strong></span> <span class='ocrx_word' id='word_1_57' title='bbox 490 789 531 824; x_wconf 89' lang='lat' dir='ltr'><strong>et</strong></span> <span class='ocrx_word' id='word_1_58' title='bbox 563 785 688 837; x_wconf 82' lang='lat' dir='ltr'><strong>regio</strong></span> <span class='ocrx_word' id='word_1_59' title='bbox 723 784 936 837; x_wconf 86' lang='lat' dir='ltr'><strong>sanguine</strong></span> <span class='ocrx_word' id='word_1_60' title='bbox 963 786 1099 821; x_wconf 85' lang='lat' dir='ltr'><strong>natus.</strong></span> <span class='ocrx_word' id='word_1_61' title='bbox 1133 780 1236 820; x_wconf 87' lang='lat' dir='ltr'><strong>filius</strong></span> <span class='ocrx_word' id='word_1_62' title='bbox 1262 781 1426 820; x_wconf 85' lang='lat' dir='ltr'><strong>scilicet</strong></span> <span class='ocrx_word' id='word_1_63' title='bbox 1458 781 1597 820; x_wconf 88' lang='lat' dir='ltr'><strong>inclite</strong></span> <span class='ocrx_word' id='word_1_64' title='bbox 1622 781 1817 819; x_wconf 79' lang='lat' dir='ltr'><strong>memorie</strong></span> <span class='ocrx_word' id='word_1_65' title='bbox 1851 780 2055 819; x_wconf 84' lang='lat' dir='ltr'><strong>Premisle</strong></span> 
     </span>
     <span class='ocr_line' id='line_1_10' title="bbox 190 849 2055 909; baseline -0.005 -13"><span class='ocrx_word' id='word_1_66' title='bbox 190 858 258 909; x_wconf 87' lang='lat' dir='ltr'><strong>qui</strong></span> <span class='ocrx_word' id='word_1_67' title='bbox 292 860 333 895; x_wconf 86' lang='lat' dir='ltr'><strong>et</strong></span> <span class='ocrx_word' id='word_1_68' title='bbox 367 854 621 895; x_wconf 84' lang='lat' dir='ltr'><strong>Ottacharus</strong></span> <span class='ocrx_word' id='word_1_69' title='bbox 662 866 685 892; x_wconf 87' lang='lat' dir='ltr'><strong>a</strong></span> <span class='ocrx_word' id='word_1_70' title='bbox 720 853 972 891; x_wconf 78' lang='lat' dir='ltr'><strong>theutonicis</strong></span> <span class='ocrx_word' id='word_1_71' title='bbox 1011 851 1245 890; x_wconf 83' lang='lat' dir='ltr'><strong>uocabatur</strong></span> <span class='ocrx_word' id='word_1_72' title='bbox 1278 850 1398 889; x_wconf 88' lang='lat' dir='ltr'><strong>tercii</strong></span> <span class='ocrx_word' id='word_1_73' title='bbox 1438 850 1562 903; x_wconf 86' lang='lat' dir='ltr'><strong>regis</strong></span> <span class='ocrx_word' id='word_1_74' title='bbox 1594 849 1780 888; x_wconf 90' lang='lat' dir='ltr'><strong>Boemie.</strong></span> <span class='ocrx_word' id='word_1_75' title='bbox 1822 849 1945 888; x_wconf 79' lang='lat' dir='ltr'><strong>decet</strong></span> <span class='ocrx_word' id='word_1_76' title='bbox 1978 859 2055 887; x_wconf 92' lang='lat' dir='ltr'><strong>nos</strong></span> 
     </span>
     <span class='ocr_line' id='line_1_11' title="bbox 189 917 2057 977; baseline -0.005 -12"><span class='ocrx_word' id='word_1_77' title='bbox 189 926 419 977; x_wconf 79' lang='lat' dir='ltr'><strong>prudencie</strong></span> <span class='ocrx_word' id='word_1_78' title='bbox 452 923 614 963; x_wconf 81' lang='lat' dir='ltr'><strong>habere</strong></span> <span class='ocrx_word' id='word_1_79' title='bbox 647 922 945 976; x_wconf 78' lang='lat' dir='ltr'><strong>sagacitatem.</strong></span> <span class='ocrx_word' id='word_1_80' title='bbox 984 931 1121 960; x_wconf 78' lang='lat' dir='ltr'><strong>mores</strong></span> <span class='ocrx_word' id='word_1_81' title='bbox 1154 920 1373 958; x_wconf 85' lang='lat' dir='ltr'><strong>honestos.</strong></span> <span class='ocrx_word' id='word_1_82' title='bbox 1411 921 1452 957; x_wconf 87' lang='lat' dir='ltr'><strong>et</strong></span> <span class='ocrx_word' id='word_1_83' title='bbox 1484 918 1653 957; x_wconf 88' lang='lat' dir='ltr'><strong>maturis</strong></span> <span class='ocrx_word' id='word_1_84' title='bbox 1693 918 1749 956; x_wconf 91' lang='lat' dir='ltr'><strong>uti</strong></span> <span class='ocrx_word' id='word_1_85' title='bbox 1784 917 1985 956; x_wconf 82' lang='lat' dir='ltr'><strong>consiliis.</strong></span> <span class='ocrx_word' id='word_1_86' title='bbox 2015 919 2057 956; x_wconf 87' lang='lat' dir='ltr'><strong>et</strong></span> 
     </span>
     <span class='ocr_line' id='line_1_12' title="bbox 192 986 2057 1046; baseline -0.005 -12"><span class='ocrx_word' id='word_1_87' title='bbox 192 994 361 1046; x_wconf 82' lang='lat' dir='ltr'><strong>pietatis</strong></span> <span class='ocrx_word' id='word_1_88' title='bbox 387 992 585 1044; x_wconf 80' lang='lat' dir='ltr'><strong>operibus</strong></span> <span class='ocrx_word' id='word_1_89' title='bbox 612 992 868 1031; x_wconf 82' lang='lat' dir='ltr'><strong>exuberare.</strong></span> <span class='ocrx_word' id='word_1_90' title='bbox 901 993 942 1029; x_wconf 91' lang='lat' dir='ltr'><strong>et</strong></span> <span class='ocrx_word' id='word_1_91' title='bbox 966 989 1016 1028; x_wconf 83' lang='lat' dir='ltr'><strong>ad</strong></span> <span class='ocrx_word' id='word_1_92' title='bbox 1042 988 1122 1028; x_wconf 89' lang='lat' dir='ltr'><strong>hec</strong></span> <span class='ocrx_word' id='word_1_93' title='bbox 1147 987 1399 1041; x_wconf 80' lang='lat' dir='ltr'><strong>peragenda</strong></span> <span class='ocrx_word' id='word_1_94' title='bbox 1425 987 1643 1026; x_wconf 77' lang='lat' dir='ltr'><strong>intendere</strong></span> <span class='ocrx_word' id='word_1_95' title='bbox 1670 986 1931 1025; x_wconf 85' lang='lat' dir='ltr'><strong>decreuimus</strong></span> <span class='ocrx_word' id='word_1_96' title='bbox 1965 989 2057 1024; x_wconf 88' lang='lat' dir='ltr'><strong>stu-</strong></span> 
     </span>
     <span class='ocr_line' id='line_1_13' title="bbox 192 1055 2057 1111; baseline -0.006 -8"><span class='ocrx_word' id='word_1_97' title='bbox 192 1063 325 1103; x_wconf 90' lang='lat' dir='ltr'><strong>diose.</strong></span> <span class='ocrx_word' id='word_1_98' title='bbox 390 1062 536 1101; x_wconf 71' lang='lat' dir='ltr'><strong>Visum</strong></span> <span class='ocrx_word' id='word_1_99' title='bbox 570 1062 710 1111; x_wconf 84' lang='lat' dir='ltr'><strong>itaque</strong></span> <span class='ocrx_word' id='word_1_100' title='bbox 745 1063 809 1099; x_wconf 91' lang='lat' dir='ltr'><strong>est</strong></span> <span class='ocrx_word' id='word_1_101' title='bbox 842 1063 984 1098; x_wconf 89' lang='lat' dir='ltr'><strong>nostre</strong></span> <span class='ocrx_word' id='word_1_102' title='bbox 1019 1058 1270 1097; x_wconf 88' lang='lat' dir='ltr'><strong>discrecioni</strong></span> <span class='ocrx_word' id='word_1_103' title='bbox 1305 1067 1403 1095; x_wconf 88' lang='lat' dir='ltr'><strong>esse</strong></span> <span class='ocrx_word' id='word_1_104' title='bbox 1438 1056 1709 1094; x_wconf 74' lang='lat' dir='ltr'><strong>conueniens.</strong></span> <span class='ocrx_word' id='word_1_105' title='bbox 1744 1055 1850 1106; x_wconf 87' lang='lat' dir='ltr'><strong>quod</strong></span> <span class='ocrx_word' id='word_1_106' title='bbox 1886 1055 2057 1093; x_wconf 76' lang='lat' dir='ltr'><strong>illustris</strong></span> 
     </span>
     <span class='ocr_line' id='line_1_14' title="bbox 190 1124 2057 1184; baseline -0.005 -13"><span class='ocrx_word' id='word_1_107' title='bbox 190 1133 322 1184; x_wconf 85' lang='lat' dir='ltr'><strong>patris</strong></span> <span class='ocrx_word' id='word_1_108' title='bbox 356 1131 487 1170; x_wconf 87' lang='lat' dir='ltr'><strong>nostri</strong></span> <span class='ocrx_word' id='word_1_109' title='bbox 528 1129 757 1183; x_wconf 82' lang='lat' dir='ltr'><strong>priuilegia</strong></span> <span class='ocrx_word' id='word_1_110' title='bbox 792 1132 833 1166; x_wconf 87' lang='lat' dir='ltr'><strong>et</strong></span> <span class='ocrx_word' id='word_1_111' title='bbox 876 1128 1006 1166; x_wconf 85' lang='lat' dir='ltr'><strong>eciam</strong></span> <span class='ocrx_word' id='word_1_112' title='bbox 1040 1126 1167 1164; x_wconf 84' lang='lat' dir='ltr'><strong>incliti</strong></span> <span class='ocrx_word' id='word_1_113' title='bbox 1200 1125 1451 1164; x_wconf 79' lang='lat' dir='ltr'><strong>marchionis</strong></span> <span class='ocrx_word' id='word_1_114' title='bbox 1492 1124 1627 1175; x_wconf 82' lang='lat' dir='ltr'><strong>patrui</strong></span> <span class='ocrx_word' id='word_1_115' title='bbox 1661 1125 1793 1162; x_wconf 87' lang='lat' dir='ltr'><strong>nostri</strong></span> <span class='ocrx_word' id='word_1_116' title='bbox 1826 1124 1935 1162; x_wconf 86' lang='lat' dir='ltr'><strong>bone</strong></span> <span class='ocrx_word' id='word_1_117' title='bbox 1969 1134 2057 1162; x_wconf 87' lang='lat' dir='ltr'><strong>me-</strong></span> 
     </span>
     <span class='ocr_line' id='line_1_15' title="bbox 191 1192 2058 1249; baseline -0.005 -9"><span class='ocrx_word' id='word_1_118' title='bbox 191 1202 319 1241; x_wconf 88' lang='lat' dir='ltr'><strong>morie</strong></span> <span class='ocrx_word' id='word_1_119' title='bbox 352 1199 598 1249; x_wconf 76' lang='lat' dir='ltr'><strong>wladislay</strong></span> <span class='ocrx_word' id='word_1_120' title='bbox 632 1199 750 1236; x_wconf 89' lang='lat' dir='ltr'><strong>cuius</strong></span> <span class='ocrx_word' id='word_1_121' title='bbox 784 1208 924 1236; x_wconf 88' lang='lat' dir='ltr'><strong>sumus</strong></span> <span class='ocrx_word' id='word_1_122' title='bbox 958 1196 1101 1235; x_wconf 82' lang='lat' dir='ltr'><strong>heres.</strong></span> <span class='ocrx_word' id='word_1_123' title='bbox 1134 1198 1175 1233; x_wconf 91' lang='lat' dir='ltr'><strong>et</strong></span> <span class='ocrx_word' id='word_1_124' title='bbox 1208 1193 1517 1233; x_wconf 81' lang='lat' dir='ltr'><strong>marchionatus</strong></span> <span class='ocrx_word' id='word_1_125' title='bbox 1551 1194 1613 1231; x_wconf 90' lang='lat' dir='ltr'><strong>sui</strong></span> <span class='ocrx_word' id='word_1_126' title='bbox 1649 1192 1850 1231; x_wconf 81' lang='lat' dir='ltr'><strong>dominus.</strong></span> <span class='ocrx_word' id='word_1_127' title='bbox 1881 1196 1922 1231; x_wconf 87' lang='lat' dir='ltr'><strong>et</strong></span> <span class='ocrx_word' id='word_1_128' title='bbox 1955 1204 2058 1242; x_wconf 88' lang='lat' dir='ltr'><strong>pos-</strong></span> 
     </span>
     <span class='ocr_line' id='line_1_16' title="bbox 191 1259 2059 1322; baseline -0.005 -13"><span class='ocrx_word' id='word_1_129' title='bbox 191 1282 352 1309; x_wconf 81' lang='lat' dir='ltr'><strong>sessor.</strong></span> <span class='ocrx_word' id='word_1_130' title='bbox 387 1268 607 1322; x_wconf 76' lang='lat' dir='ltr'><strong>religiosis</strong></span> <span class='ocrx_word' id='word_1_131' title='bbox 641 1266 827 1305; x_wconf 81' lang='lat' dir='ltr'><strong>domibus</strong></span> <span class='ocrx_word' id='word_1_132' title='bbox 862 1276 1071 1304; x_wconf 84' lang='lat' dir='ltr'><strong>concessa</strong></span> <span class='ocrx_word' id='word_1_133' title='bbox 1105 1273 1331 1302; x_wconf 83' lang='lat' dir='ltr'><strong>renouare.</strong></span> <span class='ocrx_word' id='word_1_134' title='bbox 1365 1266 1406 1301; x_wconf 87' lang='lat' dir='ltr'><strong>et</strong></span> <span class='ocrx_word' id='word_1_135' title='bbox 1440 1263 1569 1301; x_wconf 84' lang='lat' dir='ltr'><strong>eciam</strong></span> <span class='ocrx_word' id='word_1_136' title='bbox 1604 1259 1863 1300; x_wconf 83' lang='lat' dir='ltr'><strong>confirmare.</strong></span> <span class='ocrx_word' id='word_1_137' title='bbox 1918 1261 2059 1314; x_wconf 88' lang='lat' dir='ltr'><strong>Igitur</strong></span> 
     </span>
     <span class='ocr_line' id='line_1_17' title="bbox 193 1328 2058 1389; baseline -0.006 -11"><span class='ocrx_word' id='word_1_138' title='bbox 193 1339 245 1378; x_wconf 88' lang='lat' dir='ltr'><strong>ad</strong></span> <span class='ocrx_word' id='word_1_139' title='bbox 286 1338 535 1389; x_wconf 78' lang='lat' dir='ltr'><strong>peticionem</strong></span> <span class='ocrx_word' id='word_1_140' title='bbox 576 1334 745 1375; x_wconf 75' lang='lat' dir='ltr'><strong>fratrum</strong></span> <span class='ocrx_word' id='word_1_141' title='bbox 796 1334 939 1374; x_wconf 88' lang='lat' dir='ltr'><strong>domus</strong></span> <span class='ocrx_word' id='word_1_142' title='bbox 981 1332 1199 1383; x_wconf 86' lang='lat' dir='ltr'><strong>hospitalis</strong></span> <span class='ocrx_word' id='word_1_143' title='bbox 1250 1344 1284 1369; x_wconf 91' lang='lat' dir='ltr'><strong>s.</strong></span> <span class='ocrx_word' id='word_1_144' title='bbox 1325 1331 1548 1370; x_wconf 86' lang='lat' dir='ltr'><strong>Johannis.</strong></span> <span class='ocrx_word' id='word_1_145' title='bbox 1594 1334 1635 1369; x_wconf 91' lang='lat' dir='ltr'><strong>et</strong></span> <span class='ocrx_word' id='word_1_146' title='bbox 1676 1331 1874 1380; x_wconf 87' lang='lat' dir='ltr'><strong>precipue</strong></span> <span class='ocrx_word' id='word_1_147' title='bbox 1914 1328 2058 1368; x_wconf 77' lang='lat' dir='ltr'><strong>fratris</strong></span> 
     </span>
     <span class='ocr_line' id='line_1_18' title="bbox 192 1399 2058 1458; baseline -0.006 -12"><span class='ocrx_word' id='word_1_148' title='bbox 192 1408 395 1447; x_wconf 85' lang='lat' dir='ltr'><strong>lluconis.</strong></span> <span class='ocrx_word' id='word_1_149' title='bbox 422 1407 489 1458; x_wconf 82' lang='lat' dir='ltr'><strong>qui</strong></span> <span class='ocrx_word' id='word_1_150' title='bbox 519 1417 657 1444; x_wconf 87' lang='lat' dir='ltr'><strong>eorum</strong></span> <span class='ocrx_word' id='word_1_151' title='bbox 684 1402 1027 1455; x_wconf 84' lang='lat' dir='ltr'><strong>possessionibus</strong></span> <span class='ocrx_word' id='word_1_152' title='bbox 1053 1404 1197 1453; x_wconf 85' lang='lat' dir='ltr'><strong>preest</strong></span> <span class='ocrx_word' id='word_1_153' title='bbox 1222 1399 1517 1454; x_wconf 87' lang='lat' dir='ltr'><strong>gubernandis</strong></span> <span class='ocrx_word' id='word_1_154' title='bbox 1542 1399 1581 1437; x_wconf 89' lang='lat' dir='ltr'><strong>in</strong></span> <span class='ocrx_word' id='word_1_155' title='bbox 1607 1399 1891 1438; x_wconf 84' lang='lat' dir='ltr'><strong>marchionatu</strong></span> <span class='ocrx_word' id='word_1_156' title='bbox 1916 1402 2058 1436; x_wconf 87' lang='lat' dir='ltr'><strong>nostro</strong></span> 
     </span>
     <span class='ocr_line' id='line_1_19' title="bbox 193 1466 2061 1524; baseline -0.006 -9"><span class='ocrx_word' id='word_1_157' title='bbox 193 1477 409 1516; x_wconf 83' lang='lat' dir='ltr'><strong>statuimus</strong></span> <span class='ocrx_word' id='word_1_158' title='bbox 449 1476 490 1513; x_wconf 92' lang='lat' dir='ltr'><strong>in</strong></span> <span class='ocrx_word' id='word_1_159' title='bbox 523 1474 798 1524; x_wconf 78' lang='lat' dir='ltr'><strong>subsequenti</strong></span> <span class='ocrx_word' id='word_1_160' title='bbox 842 1473 998 1523; x_wconf 89' lang='lat' dir='ltr'><strong>scripto</strong></span> <span class='ocrx_word' id='word_1_161' title='bbox 1033 1471 1165 1509; x_wconf 87' lang='lat' dir='ltr'><strong>omnia</strong></span> <span class='ocrx_word' id='word_1_162' title='bbox 1208 1471 1298 1508; x_wconf 90' lang='lat' dir='ltr'><strong>iura</strong></span> <span class='ocrx_word' id='word_1_163' title='bbox 1333 1480 1413 1520; x_wconf 84' lang='lat' dir='ltr'><strong>que</strong></span> <span class='ocrx_word' id='word_1_164' title='bbox 1447 1466 1733 1507; x_wconf 86' lang='lat' dir='ltr'><strong>munificencia</strong></span> <span class='ocrx_word' id='word_1_165' title='bbox 1768 1468 1896 1519; x_wconf 83' lang='lat' dir='ltr'><strong>patris</strong></span> <span class='ocrx_word' id='word_1_166' title='bbox 1929 1466 2061 1505; x_wconf 85' lang='lat' dir='ltr'><strong>nostri</strong></span> 
     </span>
     <span class='ocr_line' id='line_1_20' title="bbox 194 1533 2061 1600; baseline -0.006 -15"><span class='ocrx_word' id='word_1_167' title='bbox 194 1547 317 1600; x_wconf 82' lang='lat' dir='ltr'><strong>regis</strong></span> <span class='ocrx_word' id='word_1_168' title='bbox 351 1544 524 1584; x_wconf 88' lang='lat' dir='ltr'><strong>Boemie</strong></span> <span class='ocrx_word' id='word_1_169' title='bbox 559 1548 600 1582; x_wconf 90' lang='lat' dir='ltr'><strong>et</strong></span> <span class='ocrx_word' id='word_1_170' title='bbox 635 1543 768 1593; x_wconf 81' lang='lat' dir='ltr'><strong>patrui</strong></span> <span class='ocrx_word' id='word_1_171' title='bbox 802 1542 934 1580; x_wconf 87' lang='lat' dir='ltr'><strong>nostri</strong></span> <span class='ocrx_word' id='word_1_172' title='bbox 968 1539 1171 1591; x_wconf 86' lang='lat' dir='ltr'><strong>qnondam</strong></span> <span class='ocrx_word' id='word_1_173' title='bbox 1206 1538 1458 1577; x_wconf 88' lang='lat' dir='ltr'><strong>marchionis</strong></span> <span class='ocrx_word' id='word_1_174' title='bbox 1499 1537 1695 1576; x_wconf 85' lang='lat' dir='ltr'><strong>Morauie</strong></span> <span class='ocrx_word' id='word_1_175' title='bbox 1729 1533 1892 1586; x_wconf 85' lang='lat' dir='ltr'><strong>prefate</strong></span> <span class='ocrx_word' id='word_1_176' title='bbox 1927 1535 2061 1574; x_wconf 89' lang='lat' dir='ltr'><strong>domui</strong></span> 
     </span>
     <span class='ocr_line' id='line_1_21' title="bbox 195 1605 2061 1658; baseline -0.006 -5"><span class='ocrx_word' id='word_1_177' title='bbox 195 1614 420 1654; x_wconf 84' lang='lat' dir='ltr'><strong>concessit.</strong></span> <span class='ocrx_word' id='word_1_178' title='bbox 461 1611 717 1651; x_wconf 78' lang='lat' dir='ltr'><strong>confirmare.</strong></span> <span class='ocrx_word' id='word_1_179' title='bbox 761 1614 805 1650; x_wconf 85' lang='lat' dir='ltr'><strong>vt</strong></span> <span class='ocrx_word' id='word_1_180' title='bbox 846 1612 1100 1648; x_wconf 87' lang='lat' dir='ltr'><strong>inconcussa</strong></span> <span class='ocrx_word' id='word_1_181' title='bbox 1141 1612 1344 1658; x_wconf 87' lang='lat' dir='ltr'><strong>perpetuo</strong></span> <span class='ocrx_word' id='word_1_182' title='bbox 1392 1610 1599 1645; x_wconf 87' lang='lat' dir='ltr'><strong>maneant.</strong></span> <span class='ocrx_word' id='word_1_183' title='bbox 1639 1610 1680 1645; x_wconf 88' lang='lat' dir='ltr'><strong>et</strong></span> <span class='ocrx_word' id='word_1_184' title='bbox 1719 1605 1889 1644; x_wconf 82' lang='lat' dir='ltr'><strong>illibata.</strong></span> <span class='ocrx_word' id='word_1_185' title='bbox 1950 1605 2061 1644; x_wconf 87' lang='lat' dir='ltr'><strong>Hinc</strong></span> 
     </span>
     <span class='ocr_line' id='line_1_22' title="bbox 196 1673 2063 1734; baseline -0.006 -11"><span class='ocrx_word' id='word_1_186' title='bbox 196 1688 261 1723; x_wconf 85' lang='lat' dir='ltr'><strong>est</strong></span> <span class='ocrx_word' id='word_1_187' title='bbox 295 1683 401 1734; x_wconf 84' lang='lat' dir='ltr'><strong>quod</strong></span> <span class='ocrx_word' id='word_1_188' title='bbox 436 1682 568 1733; x_wconf 83' lang='lat' dir='ltr'><strong>patris</strong></span> <span class='ocrx_word' id='word_1_189' title='bbox 592 1681 722 1719; x_wconf 87' lang='lat' dir='ltr'><strong>nostri</strong></span> <span class='ocrx_word' id='word_1_190' title='bbox 756 1678 961 1718; x_wconf 86' lang='lat' dir='ltr'><strong>Premisle</strong></span> <span class='ocrx_word' id='word_1_191' title='bbox 989 1681 1030 1716; x_wconf 91' lang='lat' dir='ltr'><strong>et</strong></span> <span class='ocrx_word' id='word_1_192' title='bbox 1063 1677 1196 1728; x_wconf 83' lang='lat' dir='ltr'><strong>patrui</strong></span> <span class='ocrx_word' id='word_1_193' title='bbox 1223 1677 1354 1716; x_wconf 83' lang='lat' dir='ltr'><strong>nostri</strong></span> <span class='ocrx_word' id='word_1_194' title='bbox 1388 1675 1636 1725; x_wconf 61' lang='lat' dir='ltr'><strong>W&#39;ladislay</strong></span> <span class='ocrx_word' id='word_1_195' title='bbox 1668 1674 1895 1727; x_wconf 84' lang='lat' dir='ltr'><strong>priuilegia</strong></span> <span class='ocrx_word' id='word_1_196' title='bbox 1928 1673 2063 1712; x_wconf 84' lang='lat' dir='ltr'><strong>uerbo</strong></span> 
     </span>
     <span class='ocr_line' id='line_1_23' title="bbox 195 1742 2062 1801; baseline -0.006 -9"><span class='ocrx_word' id='word_1_197' title='bbox 195 1753 247 1792; x_wconf 86' lang='lat' dir='ltr'><strong>ad</strong></span> <span class='ocrx_word' id='word_1_198' title='bbox 279 1752 450 1791; x_wconf 85' lang='lat' dir='ltr'><strong>uerbum</strong></span> <span class='ocrx_word' id='word_1_199' title='bbox 485 1749 761 1800; x_wconf 81' lang='lat' dir='ltr'><strong>subsequenti</strong></span> <span class='ocrx_word' id='word_1_200' title='bbox 794 1748 956 1801; x_wconf 80' lang='lat' dir='ltr'><strong>pagine</strong></span> <span class='ocrx_word' id='word_1_201' title='bbox 982 1747 1245 1797; x_wconf 79' lang='lat' dir='ltr'><strong>precepimus</strong></span> <span class='ocrx_word' id='word_1_202' title='bbox 1280 1746 1485 1784; x_wconf 86' lang='lat' dir='ltr'><strong>inserere.</strong></span> <span class='ocrx_word' id='word_1_203' title='bbox 1536 1744 1686 1793; x_wconf 80' lang='lat' dir='ltr'><strong>Incipit</strong></span> <span class='ocrx_word' id='word_1_204' title='bbox 1719 1748 1854 1782; x_wconf 87' lang='lat' dir='ltr'><strong>autem</strong></span> <span class='ocrx_word' id='word_1_205' title='bbox 1888 1742 2062 1792; x_wconf 88' lang='lat' dir='ltr'><strong>priuile-</strong></span> 
     </span>
     <span class='ocr_line' id='line_1_24' title="bbox 196 1811 2061 1875; baseline -0.007 -15"><span class='ocrx_word' id='word_1_206' title='bbox 196 1822 309 1875; x_wconf 88' lang='lat' dir='ltr'><strong>gium</strong></span> <span class='ocrx_word' id='word_1_207' title='bbox 344 1820 475 1871; x_wconf 86' lang='lat' dir='ltr'><strong>patris</strong></span> <span class='ocrx_word' id='word_1_208' title='bbox 509 1819 654 1858; x_wconf 83' lang='lat' dir='ltr'><strong>nostri.</strong></span> <span class='ocrx_word' id='word_1_209' title='bbox 718 1817 771 1855; x_wconf 78' lang='lat' dir='ltr'><strong>In</strong></span> <span class='ocrx_word' id='word_1_210' title='bbox 802 1817 968 1854; x_wconf 73' lang='lat' dir='ltr'><strong>nomine</strong></span> <span class='ocrx_word' id='word_1_211' title='bbox 1001 1818 1143 1853; x_wconf 74' lang='lat' dir='ltr'><strong>sam-le</strong></span> <span class='ocrx_word' id='word_1_212' title='bbox 1175 1815 1370 1852; x_wconf 71' lang='lat' dir='ltr'><strong>trinitatis</strong></span> <span class='ocrx_word' id='word_1_213' title='bbox 1404 1816 1441 1851; x_wconf 75' lang='lat' dir='ltr'><strong>el</strong></span> <span class='ocrx_word' id='word_1_214' title='bbox 1471 1812 1690 1852; x_wconf 67' lang='lat' dir='ltr'><strong>individue</strong></span> <span class='ocrx_word' id='word_1_215' title='bbox 1721 1811 1903 1849; x_wconf 61' lang='lat' dir='ltr'><strong>mattulis.</strong></span> <span class='ocrx_word' id='word_1_216' title='bbox 1961 1811 2061 1860; x_wconf 69' lang='lat' dir='ltr'><strong>Eyo</strong></span> 
     </span>
     <span class='ocr_line' id='line_1_25' title="bbox 197 1879 2063 1935; baseline -0.007 -6"><span class='ocrx_word' id='word_1_217' title='bbox 197 1890 422 1929; x_wconf 55' lang='lat' dir='ltr'><strong>Premis-sl.</strong></span> <span class='ocrx_word' id='word_1_218' title='bbox 443 1918 454 1927; x_wconf 81' lang='lat'><em>.</em></span> <span class='ocrx_word' id='word_1_219' title='bbox 473 1918 482 1927; x_wconf 95' lang='lat'><strong>.</strong></span> <span class='ocrx_word' id='word_1_220' title='bbox 501 1918 511 1927; x_wconf 92' lang='lat'><strong>.</strong></span> <span class='ocrx_word' id='word_1_221' title='bbox 540 1887 683 1927; x_wconf 69' lang='lat'><em>1214.</em></span> <span class='ocrx_word' id='word_1_222' title='bbox 718 1885 855 1934; x_wconf 76' lang='lat' dir='ltr'><strong>(I&#39;e‘de</strong></span> <span class='ocrx_word' id='word_1_223' title='bbox 883 1897 927 1923; x_wconf 69' lang='lat' dir='ltr'><strong>n.</strong></span> <span class='ocrx_word' id='word_1_224' title='bbox 958 1883 1134 1931; x_wconf 75' lang='lat' dir='ltr'><strong><em>LXII.)</em></strong></span> <span class='ocrx_word' id='word_1_225' title='bbox 1185 1882 1461 1935; x_wconf 84' lang='lat' dir='ltr'><strong>l’riuilegium</strong></span> <span class='ocrx_word' id='word_1_226' title='bbox 1495 1892 1597 1919; x_wconf 88' lang='lat' dir='ltr'><strong>uero</strong></span> <span class='ocrx_word' id='word_1_227' title='bbox 1632 1880 1741 1918; x_wconf 87' lang='lat' dir='ltr'><strong>aliud</strong></span> <span class='ocrx_word' id='word_1_228' title='bbox 1770 1879 1902 1930; x_wconf 86' lang='lat' dir='ltr'><strong>patrui</strong></span> <span class='ocrx_word' id='word_1_229' title='bbox 1929 1879 2063 1917; x_wconf 85' lang='lat' dir='ltr'><strong>nostri</strong></span> 
     </span>
     <span class='ocr_line' id='line_1_26' title="bbox 198 1947 2061 2009; baseline -0.008 -11"><span class='ocrx_word' id='word_1_230' title='bbox 198 1958 443 2009; x_wconf 61' lang='lat' dir='ltr'><strong>U&#39;ladislay</strong></span> <span class='ocrx_word' id='word_1_231' title='bbox 492 1956 634 2007; x_wconf 83' lang='lat' dir='ltr'><strong>incipit</strong></span> <span class='ocrx_word' id='word_1_232' title='bbox 673 1956 747 1994; x_wconf 79' lang='lat' dir='ltr'><strong>sic.</strong></span> <span class='ocrx_word' id='word_1_233' title='bbox 812 1954 865 1993; x_wconf 77' lang='lat' dir='ltr'><strong>In</strong></span> <span class='ocrx_word' id='word_1_234' title='bbox 909 1953 1076 1992; x_wconf 70' lang='lat' dir='ltr'><strong>nomine</strong></span> <span class='ocrx_word' id='word_1_235' title='bbox 1114 1953 1257 1991; x_wconf 73' lang='lat' dir='ltr'><strong>sancte</strong></span> <span class='ocrx_word' id='word_1_236' title='bbox 1298 1950 1494 1988; x_wconf 72' lang='lat' dir='ltr'><strong>trinitatis</strong></span> <span class='ocrx_word' id='word_1_237' title='bbox 1543 1951 1581 1987; x_wconf 77' lang='lat' dir='ltr'><strong>et</strong></span> <span class='ocrx_word' id='word_1_238' title='bbox 1620 1948 1837 1987; x_wconf 69' lang='grc' dir='ltr'><strong>ἱηᾱίοιιῗᾱυε</strong></span> <span class='ocrx_word' id='word_1_239' title='bbox 1876 1947 2061 1986; x_wconf 70' lang='lat' dir='ltr'><strong>unitatis.</strong></span> 
     </span>
     <span class='ocr_line' id='line_1_27' title="bbox 199 2015 2060 2077; baseline -0.008 -10"><span class='ocrx_word' id='word_1_240' title='bbox 199 2029 296 2077; x_wconf 72' lang='lat' dir='ltr'><strong>Eyo</strong></span> <span class='ocrx_word' id='word_1_241' title='bbox 330 2026 562 2066; x_wconf 72' lang='lat' dir='ltr'><strong>Heinricus</strong></span> <span class='ocrx_word' id='word_1_242' title='bbox 596 2025 665 2075; x_wconf 73' lang='lat' dir='ltr'><strong>qui</strong></span> <span class='ocrx_word' id='word_1_243' title='bbox 698 2026 737 2062; x_wconf 72' lang='lat' dir='ltr'><strong>et</strong></span> <span class='ocrx_word' id='word_1_244' title='bbox 774 2022 1041 2061; x_wconf 62' lang='lat' dir='ltr'><strong>isladizlmts</strong></span> <span class='ocrx_word' id='word_1_245' title='bbox 1071 2050 1082 2059; x_wconf 87' lang='lat'><strong>.</strong></span> <span class='ocrx_word' id='word_1_246' title='bbox 1108 2050 1118 2060; x_wconf 88' lang='lat'><strong>.</strong></span> <span class='ocrx_word' id='word_1_247' title='bbox 1152 2049 1165 2059; x_wconf 92' lang='lat'><strong>..</strong></span> <span class='ocrx_word' id='word_1_248' title='bbox 1227 2019 1340 2058; x_wconf 68' lang='lat'><strong>214.</strong></span> <span class='ocrx_word' id='word_1_249' title='bbox 1383 2017 1518 2066; x_wconf 67' lang='lat' dir='ltr'><strong>(Udo</strong></span> <span class='ocrx_word' id='word_1_250' title='bbox 1549 2029 1590 2055; x_wconf 74' lang='grc' dir='ltr'><strong>η.</strong></span> <span class='ocrx_word' id='word_1_251' title='bbox 1623 2017 1773 2067; x_wconf 75' lang='lat' dir='ltr'><em>LXI.)</em></span> <span class='ocrx_word' id='word_1_252' title='bbox 1806 2017 1945 2069; x_wconf 80' lang='lat' dir='ltr'><strong>Igitur</strong></span> <span class='ocrx_word' id='word_1_253' title='bbox 1977 2015 2060 2054; x_wconf 89' lang='lat' dir='ltr'><strong>hec</strong></span> 
     </span>
     <span class='ocr_line' id='line_1_28' title="bbox 200 2086 2063 2146; baseline -0.007 -11"><span class='ocrx_word' id='word_1_254' title='bbox 200 2097 334 2135; x_wconf 83' lang='lat' dir='ltr'><strong>omnia</strong></span> <span class='ocrx_word' id='word_1_255' title='bbox 369 2106 449 2146; x_wconf 83' lang='lat' dir='ltr'><strong>que</strong></span> <span class='ocrx_word' id='word_1_256' title='bbox 483 2094 654 2133; x_wconf 85' lang='lat' dir='ltr'><strong>illustris</strong></span> <span class='ocrx_word' id='word_1_257' title='bbox 688 2096 810 2143; x_wconf 84' lang='lat' dir='ltr'><strong>pater</strong></span> <span class='ocrx_word' id='word_1_258' title='bbox 844 2095 990 2130; x_wconf 84' lang='lat' dir='ltr'><strong>noster</strong></span> <span class='ocrx_word' id='word_1_259' title='bbox 1022 2101 1102 2129; x_wconf 79' lang='lat' dir='ltr'><strong>rex</strong></span> <span class='ocrx_word' id='word_1_260' title='bbox 1134 2089 1306 2128; x_wconf 89' lang='lat' dir='ltr'><strong>Boemie</strong></span> <span class='ocrx_word' id='word_1_261' title='bbox 1331 2086 1567 2127; x_wconf 73' lang='lat' dir='ltr'><strong>Othacarus</strong></span> <span class='ocrx_word' id='word_1_262' title='bbox 1601 2086 1779 2124; x_wconf 87' lang='lat' dir='ltr'><strong>nomine.</strong></span> <span class='ocrx_word' id='word_1_263' title='bbox 1811 2089 1852 2122; x_wconf 88' lang='lat' dir='ltr'><strong>et</strong></span> <span class='ocrx_word' id='word_1_264' title='bbox 1887 2088 2063 2135; x_wconf 87' lang='lat' dir='ltr'><strong>patruus</strong></span> 
     </span>
     <span class='ocr_line' id='line_1_29' title="bbox 201 2153 2062 2212; baseline -0.008 -8"><span class='ocrx_word' id='word_1_265' title='bbox 201 2169 345 2204; x_wconf 86' lang='lat' dir='ltr'><strong>noster</strong></span> <span class='ocrx_word' id='word_1_266' title='bbox 380 2163 650 2202; x_wconf 72' lang='lat' dir='ltr'><strong>wladislaus</strong></span> <span class='ocrx_word' id='word_1_267' title='bbox 691 2159 854 2212; x_wconf 86' lang='lat' dir='ltr'><strong>prefate</strong></span> <span class='ocrx_word' id='word_1_268' title='bbox 888 2160 1021 2199; x_wconf 87' lang='lat' dir='ltr'><strong>domui</strong></span> <span class='ocrx_word' id='word_1_269' title='bbox 1062 2170 1098 2197; x_wconf 80' lang='lat' dir='ltr'><strong>S.</strong></span> <span class='ocrx_word' id='word_1_270' title='bbox 1129 2157 1339 2198; x_wconf 83' lang='lat' dir='ltr'><strong>Johannis</strong></span> <span class='ocrx_word' id='word_1_271' title='bbox 1379 2159 1421 2194; x_wconf 87' lang='lat' dir='ltr'><strong>et</strong></span> <span class='ocrx_word' id='word_1_272' title='bbox 1455 2153 1655 2194; x_wconf 83' lang='lat' dir='ltr'><strong>fratribus</strong></span> <span class='ocrx_word' id='word_1_273' title='bbox 1694 2155 1734 2192; x_wconf 91' lang='lat' dir='ltr'><strong>in</strong></span> <span class='ocrx_word' id='word_1_274' title='bbox 1768 2154 1859 2204; x_wconf 83' lang='lat' dir='ltr'><strong>ipsa</strong></span> <span class='ocrx_word' id='word_1_275' title='bbox 1894 2164 2062 2191; x_wconf 90' lang='lat' dir='ltr'><strong>moran-</strong></span> 
     </span>
     <span class='ocr_line' id='line_1_30' title="bbox 200 2221 2062 2273; baseline -0.008 0"><span class='ocrx_word' id='word_1_276' title='bbox 200 2235 309 2273; x_wconf 82' lang='lat' dir='ltr'><strong>tibus</strong></span> <span class='ocrx_word' id='word_1_277' title='bbox 344 2233 570 2272; x_wconf 86' lang='lat' dir='ltr'><strong>concessit.</strong></span> <span class='ocrx_word' id='word_1_278' title='bbox 614 2243 690 2270; x_wconf 90' lang='lat' dir='ltr'><strong>nos</strong></span> <span class='ocrx_word' id='word_1_279' title='bbox 724 2231 828 2269; x_wconf 81' lang='lat' dir='ltr'><strong>idem</strong></span> <span class='ocrx_word' id='word_1_280' title='bbox 872 2233 1002 2269; x_wconf 87' lang='lat' dir='ltr'><strong>ratum</strong></span> <span class='ocrx_word' id='word_1_281' title='bbox 1035 2228 1237 2267; x_wconf 83' lang='lat' dir='ltr'><strong>habemus</strong></span> <span class='ocrx_word' id='word_1_282' title='bbox 1278 2229 1317 2265; x_wconf 88' lang='lat' dir='ltr'><strong>et</strong></span> <span class='ocrx_word' id='word_1_283' title='bbox 1351 2223 1648 2263; x_wconf 83' lang='lat' dir='ltr'><strong>confirmamus.</strong></span> <span class='ocrx_word' id='word_1_284' title='bbox 1690 2226 1730 2262; x_wconf 90' lang='lat' dir='ltr'><strong>et</strong></span> <span class='ocrx_word' id='word_1_285' title='bbox 1764 2223 1804 2261; x_wconf 90' lang='lat' dir='ltr'><strong>in</strong></span> <span class='ocrx_word' id='word_1_286' title='bbox 1845 2221 1966 2260; x_wconf 86' lang='lat' dir='ltr'><strong>huius</strong></span> <span class='ocrx_word' id='word_1_287' title='bbox 2001 2221 2062 2260; x_wconf 89' lang='lat' dir='ltr'><strong>rei</strong></span> 
     </span>
     <span class='ocr_line' id='line_1_31' title="bbox 202 2290 2064 2353; baseline -0.008 -11"><span class='ocrx_word' id='word_1_288' title='bbox 202 2302 472 2342; x_wconf 85' lang='lat' dir='ltr'><strong>testimonium</strong></span> <span class='ocrx_word' id='word_1_289' title='bbox 514 2300 694 2353; x_wconf 86' lang='lat' dir='ltr'><strong>sigillum</strong></span> <span class='ocrx_word' id='word_1_290' title='bbox 744 2303 925 2338; x_wconf 87' lang='lat' dir='ltr'><strong>nostrum</strong></span> <span class='ocrx_word' id='word_1_291' title='bbox 964 2297 1059 2336; x_wconf 89' lang='lat' dir='ltr'><strong>huic</strong></span> <span class='ocrx_word' id='word_1_292' title='bbox 1108 2297 1270 2350; x_wconf 87' lang='lat' dir='ltr'><strong>pagine</strong></span> <span class='ocrx_word' id='word_1_293' title='bbox 1310 2292 1481 2333; x_wconf 84' lang='lat' dir='ltr'><strong>fecimus</strong></span> <span class='ocrx_word' id='word_1_294' title='bbox 1529 2293 1693 2344; x_wconf 86' lang='lat' dir='ltr'><strong>apponi.</strong></span> <span class='ocrx_word' id='word_1_295' title='bbox 1737 2295 1778 2331; x_wconf 89' lang='lat' dir='ltr'><strong>et</strong></span> <span class='ocrx_word' id='word_1_296' title='bbox 1817 2290 2064 2343; x_wconf 84' lang='lat' dir='ltr'><strong>rogauimus</strong></span> 
     </span>
     <span class='ocr_line' id='line_1_32' title="bbox 201 2360 2064 2418; baseline -0.008 -8"><span class='ocrx_word' id='word_1_297' title='bbox 201 2372 401 2411; x_wconf 85' lang='lat' dir='ltr'><strong>illustrem</strong></span> <span class='ocrx_word' id='word_1_298' title='bbox 434 2368 603 2408; x_wconf 78' lang='lat' dir='ltr'><strong>fratrem</strong></span> <span class='ocrx_word' id='word_1_299' title='bbox 637 2373 819 2407; x_wconf 85' lang='lat' dir='ltr'><strong>nostrum</strong></span> <span class='ocrx_word' id='word_1_300' title='bbox 862 2366 1172 2405; x_wconf 73' lang='lat' dir='ltr'><strong>Wenceslaum</strong></span> <span class='ocrx_word' id='word_1_301' title='bbox 1205 2374 1356 2418; x_wconf 80' lang='lat' dir='ltr'><strong>regem</strong></span> <span class='ocrx_word' id='word_1_302' title='bbox 1390 2362 1573 2401; x_wconf 84' lang='lat' dir='ltr'><strong>Boemie.</strong></span> <span class='ocrx_word' id='word_1_303' title='bbox 1608 2360 1715 2412; x_wconf 87' lang='lat' dir='ltr'><strong>quod</strong></span> <span class='ocrx_word' id='word_1_304' title='bbox 1757 2364 1799 2398; x_wconf 84' lang='lat' dir='ltr'><strong>et</strong></span> <span class='ocrx_word' id='word_1_305' title='bbox 1832 2360 1922 2409; x_wconf 90' lang='lat' dir='ltr'><strong>ipse</strong></span> <span class='ocrx_word' id='word_1_306' title='bbox 1957 2369 2064 2396; x_wconf 87' lang='lat' dir='ltr'><strong>ean-</strong></span> 
     </span>
     <span class='ocr_line' id='line_1_33' title="bbox 203 2424 2062 2480; baseline -0.009 -1"><span class='ocrx_word' id='word_1_307' title='bbox 203 2441 292 2480; x_wconf 89' lang='lat' dir='ltr'><strong>dem</strong></span> <span class='ocrx_word' id='word_1_308' title='bbox 319 2439 591 2478; x_wconf 78' lang='lat' dir='ltr'><strong>donacionem</strong></span> <span class='ocrx_word' id='word_1_309' title='bbox 617 2438 865 2476; x_wconf 84' lang='lat' dir='ltr'><strong>auctoritate</strong></span> <span class='ocrx_word' id='word_1_310' title='bbox 899 2448 975 2474; x_wconf 81' lang='lat' dir='ltr'><strong>sua</strong></span> <span class='ocrx_word' id='word_1_311' title='bbox 1010 2432 1283 2473; x_wconf 86' lang='lat' dir='ltr'><strong>confirmaret.</strong></span> <span class='ocrx_word' id='word_1_312' title='bbox 1316 2434 1357 2470; x_wconf 90' lang='lat' dir='ltr'><strong>et</strong></span> <span class='ocrx_word' id='word_1_313' title='bbox 1384 2431 1422 2469; x_wconf 93' lang='grc'><strong>111</strong></span> <span class='ocrx_word' id='word_1_314' title='bbox 1457 2427 1875 2469; x_wconf 84' lang='lat' dir='ltr'><strong>testimoniumhuius</strong></span> <span class='ocrx_word' id='word_1_315' title='bbox 1908 2424 2062 2465; x_wconf 86' lang='lat' dir='ltr'><strong>confir-</strong></span> 
     </span>
     <span class='ocr_line' id='line_1_34' title="bbox 204 2495 2063 2559; baseline -0.008 -11"><span class='ocrx_word' id='word_1_316' title='bbox 204 2509 402 2548; x_wconf 69' lang='lat' dir='ltr'><strong>macionis</strong></span> <span class='ocrx_word' id='word_1_317' title='bbox 443 2519 561 2559; x_wconf 79' lang='lat' dir='ltr'><strong>quam</strong></span> <span class='ocrx_word' id='word_1_318' title='bbox 603 2507 692 2558; x_wconf 84' lang='lat' dir='ltr'><strong>ipse</strong></span> <span class='ocrx_word' id='word_1_319' title='bbox 733 2506 914 2544; x_wconf 89' lang='lat' dir='ltr'><strong>libenter</strong></span> <span class='ocrx_word' id='word_1_320' title='bbox 954 2507 995 2543; x_wconf 87' lang='lat' dir='ltr'><strong>et</strong></span> <span class='ocrx_word' id='word_1_321' title='bbox 1035 2503 1186 2542; x_wconf 84' lang='lat' dir='ltr'><strong>deuote</strong></span> <span class='ocrx_word' id='word_1_322' title='bbox 1235 2500 1348 2542; x_wconf 79' lang='lat' dir='ltr'><strong>fecit.</strong></span> <span class='ocrx_word' id='word_1_323' title='bbox 1389 2499 1574 2554; x_wconf 87' lang='lat' dir='ltr'><strong>sigillum</strong></span> <span class='ocrx_word' id='word_1_324' title='bbox 1615 2510 1731 2538; x_wconf 89' lang='lat' dir='ltr'><strong>suum</strong></span> <span class='ocrx_word' id='word_1_325' title='bbox 1771 2497 1867 2536; x_wconf 90' lang='lat' dir='ltr'><strong>huic</strong></span> <span class='ocrx_word' id='word_1_326' title='bbox 1907 2495 2063 2546; x_wconf 82' lang='lat' dir='ltr'><strong>scripto</strong></span> 
     </span>
    </p>
   </div>
  </div>
 </body>
</html>
