2212 2876
1055 111 1157 153 198

164 268 422 309 quocumque
453 255 577 295 modo
601 254 867 294 nominentur
900 267 993 293 esse
1017 254 1244 294 absolutas.
1291 254 1534 294 Adicientes
1565 257 1611 294 ut
1628 255 1772 294 nullus
1795 256 2038 307 principum

163 338 460 365 successorum
491 327 733 364 nostrorum
764 324 835 363 uel
866 323 1070 364 baronum
1101 321 1222 363 nobis
1253 324 1325 363 uel
1355 325 1416 363 eis
1449 323 1728 363 subiectorum
1756 336 1839 376 pro
1872 328 2038 364 castro-

163 408 259 434 rum
291 395 563 448 edificatione.
591 393 662 432 uel
691 392 1014 445 reedificatione.
1039 393 1111 432 uel
1133 393 1275 445 aliqua
1307 394 1519 445 inqruenti
1544 393 1823 445 empeditione.
1844 393 2038 433 hortiines

161 464 320 516 prefati
351 463 597 502 monasterii
629 462 783 502 audeat
814 463 1057 514 inquietare.
1112 463 1198 502 Jus
1231 465 1366 502 autem
1399 462 1512 514 quod
1543 462 1667 502 datur
1695 474 1778 515 pro
1812 465 1945 515 capite
1977 464 2038 502 eis

163 532 432 571 concedimus
473 531 552 570 hoc
585 531 637 571 de
673 532 774 584 fure
806 534 1042 571 statuentes.
1103 530 1158 572 Si
1189 533 1234 571 in
1267 544 1410 571 eorum
1444 531 1602 571 habitat
1627 531 1969 584 possessionibus
2003 535 2041 571 et

162 601 449 653 deprehensus
479 601 615 653 fuerit
644 602 689 640 in
707 601 826 653 furto
858 601 1095 653 manifesto.
1121 601 1192 640 uel
1223 600 1274 640 de
1298 601 1439 652 aliquo
1464 601 1626 640 occulto
1659 603 1893 640 accusetur.
1915 600 2038 640 ride-

161 670 258 709 licet
297 681 377 721 quo
416 669 475 709 ad
512 669 715 709 iudicium
753 670 867 722 ferri
906 669 1137 709 candentis.
1178 670 1250 709 uel
1298 683 1415 722 aque.
1454 670 1524 709 uel
1560 682 1753 709 uomeres
1794 670 2037 710 calcandos.

159 740 230 779 uel
252 739 393 779 duelli.
427 741 467 778 et
487 740 763 779 conuincatur
796 740 840 778 in
862 739 1003 790 aliquo
1035 740 1212 778 istorum
1236 740 1281 779 in
1303 739 1461 779 iudicio
1495 740 1692 778 seculari.
1719 738 1852 778 eidem
1884 751 2036 778 mona-

160 809 288 848 sterio
327 808 434 848 bona
470 809 587 862 furis
620 810 712 848 siue
750 809 814 847 rei
853 808 1111 860 inteqraliter
1150 812 1405 848 remaneam.
1461 809 1643 849 ,ludices
1683 810 1818 848 autem
1860 820 2038 859 quorum

160 878 333 917 interest
358 878 526 930 faciant
557 878 608 917 de
641 889 688 917 eo
721 877 834 929 quod
871 879 932 916 eis
964 879 1119 917 iustum
1149 878 1371 918 uidebitur.
1436 878 1490 919 Si
1529 881 1665 917 autem
1697 877 1887 916 homines
1920 878 2037 917 eius-

161 946 254 986 dem
286 948 532 986 monasterii
569 959 715 986 coram
747 946 956 985 iudicibus
993 948 1151 986 nostris
1193 947 1423 999 culpabiles
1464 948 1746 986 inueniantur.
1786 959 1864 985 nec
1903 946 2036 986 nobis.

159 1027 236 1054 nec
269 1016 479 1055 iudicibus
510 1017 669 1055 nostris
703 1015 935 1055 curialibus
966 1017 1038 1055 uel
1068 1015 1361 1069 beneficiariis.
1389 1016 1552 1067 aliquid
1583 1016 1680 1055 inde
1711 1016 1900 1055 utilitatis
1928 1027 2037 1068 pro-

159 1086 314 1125 ueniat.
378 1085 472 1127 Sed
502 1085 618 1138 apud
658 1085 767 1125 idem
801 1084 1017 1124 cenobium
1060 1085 1182 1137 culpe
1216 1088 1464 1137 perseueret
1500 1085 1748 1137 satisfactio.
1790 1086 1876 1124 nisi
1912 1086 1956 1124 ‘in
1989 1096 2038 1124 eo

160 1155 205 1194 in
237 1166 318 1207 quo
351 1157 510 1194 tenetur
543 1155 796 1207 satisfacere
828 1153 1094 1193 aduersario.
1152 1153 1346 1194 Ceterum
1377 1157 1424 1193 ut
1454 1155 1594 1193 onmia
1629 1153 1808 1193 breuiter
1842 1166 2037 1206 compre-

160 1223 395 1263 hendamus
428 1236 590 1263 omnem
626 1224 844 1263 utilitatem
876 1235 955 1274 que
995 1225 1156 1275 spectat
1185 1223 1244 1262 ad
1280 1235 1385 1262 usus
1417 1225 1598 1262 nostros.
1638 1224 1708 1262 uel
1739 1234 2037 1263 successorum

158 1296 414 1333 nostrorum.
455 1294 526 1333 uel
566 1292 857 1346 beneficiarios
889 1295 1058 1332 nostros
1099 1305 1125 1332 a
1164 1291 1284 1331 nobis
1324 1292 1577 1345 infeudatos.
1619 1293 1657 1331 ei
1695 1294 1954 1332 remittimus.
1992 1294 2039 1332 ut

155 1363 284 1415 plena
318 1365 357 1401 et
381 1363 574 1415 perfecta
595 1362 783 1414 gaudeat
813 1360 1010 1401 libertate.
1036 1364 1075 1400 et
1103 1365 1149 1401 ut
1172 1362 1316 1401 nullus
1350 1363 1389 1401 ei
1419 1373 1555 1400 nouas
1587 1361 1856 1401 condiciones
1890 1364 2036 1401 contra

159 1435 305 1471 nostra
337 1434 488 1471 statuta
521 1431 677 1471 audeat
712 1432 940 1489 imp-onere.
972 1431 1043 1470 uel
1081 1432 1171 1470 eius
1204 1432 1300 1470 iura
1332 1434 1507 1470 mutare.
1571 1430 1806 1472 Statuimus
1840 1433 1960 1470 etiam
1992 1433 2040 1471 ut

159 1501 303 1540 nullus
344 1502 607 1540 camerarius
649 1501 775 1540 intret
810 1501 940 1540 uillas
979 1501 1237 1540 monasterii.
1287 1500 1346 1539 ad
1384 1501 1564 1551 aliquem
1606 1500 1830 1540 citandum.
1869 1501 1941 1540 uel
1980 1499 2039 1540 ad

160 1570 322 1622 aliquid
353 1570 409 1609 ibi
432 1570 691 1623 faciendum.
716 1570 794 1609 sed
816 1570 1026 1622 siqnificet
1043 1571 1318 1622 procuratori
1342 1569 1490 1608 domus
1524 1570 1651 1608 iltius.
1679 1570 1748 1608 cui
1780 1569 1907 1608 abbas
1941 1581 2036 1609 cum

156 1639 366 1692 fratribus
410 1641 574 1679 comisit
606 1640 950 1691 procurationem
991 1640 1035 1678 in
1074 1638 1385 1691 temporalibus.
1433 1642 1479 1678 ut
1519 1650 1589 1677 eos
1629 1640 1753 1678 citari
1790 1639 1928 1691 faciat
1965 1639 2036 1690 qui

160 1711 258 1747 sunt
289 1709 457 1747 citandi.
498 1710 694 1760 quatinus
727 1708 795 1747 die
828 1711 866 1747 et
896 1708 989 1747 loco
1030 1708 1302 1748 determinato
1335 1720 1406 1754 eos
1446 1720 1590 1747 coram
1630 1707 1839 1747 iudicibus
1872 1710 2035 1748 statuat.

160 1789 337 1828 quorum
371 1779 543 1817 interest
565 1790 719 1817 causas
753 1780 792 1816 et
811 1778 989 1828 neyocia
1021 1779 1144 1829 ‘reyni
1166 1779 1302 1817 nostri
1334 1780 1516 1816 tractare
1549 1780 1588 1816 et
1609 1777 1808 1829 diffinire.
1857 1776 1911 1818 Set
1942 1777 2035 1828 quis

158 1858 262 1885 uero
295 1847 425 1885 alicui
461 1859 643 1898 persone
675 1847 876 1898 reli-aime
915 1846 1032 1898 infra
1065 1849 1181 1898 septa
1221 1848 1469 1885 monasterii
1510 1847 1740 1885 constitute.
1780 1858 1931 1885 manus
1964 1847 2033 1885 in-

160 1916 305 1954 iecerit
339 1916 547 1955 uiolentas
589 1916 647 1955 ad
677 1917 858 1967 aliquem
899 1914 956 1954 ibi
995 1915 1335 1954 deone-standum.
1374 1916 1445 1954 uel
1483 1914 1645 1966 aliquid
1682 1915 1780 1954 inde
1819 1915 2038 1954 abstulerit

161 1997 269 2023 ausu
301 1986 534 2024 temerario.
560 1985 782 2037 manifeste
814 1984 995 2023 bannum
1017 1986 1208 2023 nostrum
1240 1995 1321 2036 qno
1351 1984 1409 2023 ad
1440 1984 1574 2023 XXX
1598 1996 1768 2023 marcas
1802 1986 2033 2036 componat.

162 2056 200 2092 et
235 2055 489 2093 monasterio
530 2053 725 2106 dampnis
775 2054 866 2092 suis
905 2054 1137 2092 resarcitis.
1177 2053 1389 2093 intotidem
1435 2054 1685 2105 satisfaciat.
1748 2053 2034 2093 Prohibemus

161 2123 282 2160 etiam
314 2134 366 2160 ne
397 2125 621 2161 uenatore-s
654 2123 791 2161 nostri
812 2123 883 2162 uel
915 2122 1208 2162 caniductores
1242 2124 1286 2162 in
1309 2122 1484 2162 abbacia
1515 2123 1586 2161 uel
1617 2134 1759 2161 eorum
1793 2123 1910 2161 uillis
1943 2123 2035 2161 sine

160 2189 318 2229 abbatis
352 2193 390 2229 et
417 2192 602 2243 fratrum
636 2204 844 2231 consensu
873 2194 1128 2244 pernoctent.
1160 2192 1230 2231 uel
1261 2191 1424 2243 aliquid
1453 2191 1510 2231 ibi
1540 2192 1729 2244 ‘inserant
1757 2192 1965 2231 uiolentie.
1998 2193 2038 2231 et

160 2258 239 2298 lioc
272 2259 347 2298 sub
377 2272 488 2311 pena
521 2260 663 2300 decem
704 2261 910 2300 librarum
942 2264 1102 2300 monete
1138 2261 1421 2313 prouincialis
1459 2261 1546 2300 nisi
1581 2261 1793 2313 placuerit
1829 2260 1966 2300 abbati
1998 2263 2037 2299 et

157 2328 366 2381 fratribus
406 2330 466 2367 eis
507 2330 670 2380 aliquid
709 2331 849 2381 ‚qratie
888 2331 932 2369 in
970 2329 1225 2369 uictualibus
1264 2329 1505 2382 inpendere.
1570 2329 1626 2369 Id
1672 2330 1795 2368 etiam
1834 2329 2033 2369 addentes

160 2397 273 2448 quod
310 2398 348 2436 si
388 2399 628 2436 ‹urstiterint
665 2400 725 2437 eis
766 2400 976 2438 iniuriosi.
1018 2400 1143 2438 liceat
1189 2400 1250 2437 cis
1290 2402 1406 2450 ipsos
1449 2400 1540 2437 sine
1583 2399 1744 2450 offensa
1783 2402 1941 2437 nostra.
1982 2397 2034 2437 de

160 2466 350 2506 domibus
384 2469 423 2505 ct
450 2468 790 2518 possessionibus
823 2470 913 2507 suis
945 2469 1148 2508 uiolenter
1182 2469 1409 2520 empetterc.
1458 2468 1640 2520 Insuper
1673 2469 1890 2506 statuimus
1923 2467 2036 2517 quod

160 2536 407 2587 quicumque
445 2535 647 2575 nobilium
692 2537 762 2575 uel
796 2541 1019 2589 potentum.
1066 2538 1110 2576 in
1143 2538 1305 2590 prefati
1349 2538 1594 2576 monasterii
1633 2538 1765 2575 curiis
1805 2536 1876 2575 viel
1913 2536 2031 2575 uillis
