2212 2876
1055 52 1153 91 11⁶2

1041 193 1157 235 CIV.

163 306 392 360 ΟἰαΙεανῆιε,
417 307 488 360 qui
511 309 549 346 et
578 301 793 357 Pfemysl,
821 306 1081 345 Boemorum
1103 319 1199 355 rem,
1233 306 1400 359 confert
1427 307 1682 345 monasterio
1713 304 2036 346 Welehradensz·

264 377 409 417 villam
451 364 667 419 “Zia-office
707 373 784 414 sub
817 376 1049 414 testimonio
1096 375 1335 426 Il'ladislai,
1378 375 1638 414 mcwclzionis
1671 377 1908 415 Moram'ae.

791 445 951 483 Datum
984 444 1200 496 Hodonin,
1242 444 1394 485 1220.

289 539 362 600 In.
388 557 565 597 nomine.
599 560 762 596 sancte.
797 559 851 595 et.
878 556 1090 596 indiuidue
1124 558 1334 596 trinitatis.
1385 556 1608 597 Otacarus.
1642 557 1725 608 qui.
1760 559 1813 596 et.
1839 556 2034 598 Premizl.

160 626 244 667 dei.
277 628 435 682 gratia.
459 627 720 666 Boemorum.
747 626 858 665 Rex.
887 625 1088 666 Omnibus
1121 630 1200 665 tam
1234 626 1504 677 presentibus
1533 637 1653 677 quam
1686 623 1835 665 suturis
1860 627 1900 665 in
1934 637 2036 678 per-

159 700 338 748 petuum.
388 696 606 735 Processu
638 695 838 746 temporis
872 695 1132 735 immutantur
1163 696 1405 747 plerumque
1438 695 1628 749 legitime
1661 695 1865 734 hominum
1900 695 2036 735 dona-

158 767 310 806 tiones.
344 764 541 817 sactaque
575 764 834 804 sollemniter
865 764 1095 804 celebrata.
1129 765 1209 803 nisi
1232 766 1468 804 testimonio
1504 764 1724 816 proborum
1759 769 1800 804 et
1833 765 2036 819 sigillatis

158 836 425 874 inueniantur
474 834 625 874 litteris
666 834 879 873 roborata.
926 838 970 872 ut
1010 845 1100 872 cum
1143 846 1246 884 opus
1295 832 1421 873 suerit
1461 835 1707 885 conspectui
1755 834 2033 874 dubitanciuin

159 908 471 956 presentemur.
505 908 547 944 et
572 905 694 956 quasi
727 904 779 942 ad
805 915 987 955 presens
1022 907 1118 943 acta
1144 903 1343 954 perlectis
1377 904 1562 942 seriatim
1589 904 1739 942 litteris
1770 904 2036 944 uidebuntur.

159 975 310 1014 Notum
342 975 484 1025 itaque
517 971 693 1013 facimus
727 973 916 1012 omnibus
957 973 1224 1027 generaliter
1257 977 1495 1024 presentem
1529 973 1730 1026 paginam
1766 973 2035 1024 inspecturis.

159 1043 268 1096 quod
309 1055 386 1083 nos
428 1043 571 1082 abbati
611 1046 653 1082 et
701 1043 926 1081 conuentui
976 1041 1128 1081 deuote
1179 1042 1342 1081 domino
1392 1043 1433 1080 in
1482 1041 1690 1092 ΠέΙφ-ιιιί
1729 1040 2036 1082 famulantibus.

159 1113 297 1153 uillam
330 1112 536 1165 quandam
569 1110 799 1152 Solam-cici
832 1111 1008 1150 nomine.
1052 1123 1133 1163 que
1167 1112 1354 1162 primitus
1387 1111 1440 1150 ad
1490 1111 1664 1152 {Vn-icio
1698 1112 1948 1161 pertinebat.
1983 1112 2036 1152 de

160 1186 305 1222 nostra
347 1193 462 1221 mera
499 1181 752 1220 liberalitate
791 1181 883 1220 iure
924 1180 1181 1220 hereditario
1224 1192 1314 1220 cum
1346 1184 1485 1220 monte
1526 1181 1595 1232 qui
1629 1180 1779 1219 ibidem
1823 1182 1930 1220 situs
1967 1186 2034 1221 est

159 1251 406 1291 contulimus
456 1251 744 1302 inperpetuum
785 1250 1093 1301 possidendam.
1159 1249 1226 1288 Ne
1270 1251 1402 1304 igitur
1453 1249 1534 1289 hoc
1574 1253 1655 1288 tam
1703 1250 1841 1289 nobile
1884 1248 2035 1290 factam

160 1324 344 1360 nostrum
395 1323 541 1371 posset
580 1320 839 1370 inposterum
889 1318 1153 1370 aliquatenus
1201 1319 1370 1358 uiolari.
1408 1319 1566 1358 eisdem
1616 1330 1797 1369 presens
1837 1320 2034 1371 scriptum

159 1390 294 1430 nostri
326 1389 458 1443 sigilli
492 1387 666 1429 fecimus
699 1389 918 1427 munimine
960 1388 1165 1427 roborari.
1198 1392 1434 1428 statuentes
1467 1391 1511 1427 ut
1550 1388 1682 1440 siquis
1715 1388 1795 1427 hoc
1834 1392 1913 1428 tam
1947 1390 2037 1428 sol-

158 1460 292 1499 lemne
317 1457 470 1498 factum
497 1461 683 1497 nostrum
708 1458 964 1508 inposterum
990 1470 1097 1497 ausu
1121 1459 1346 1497 temerario
1379 1457 1498 1497 modo
1526 1458 1711 1509 quolibet
1735 1460 2038 1509 presumpserit

161 1529 386 1567 immutare.
429 1525 479 1568 C.
517 1538 683 1567 marcas
717 1527 891 1580 argenti
934 1538 1010 1577 pro
1052 1538 1161 1578 pena
1202 1527 1343 1581 regali
1383 1538 1549 1567 camere
1590 1530 1822 1577 componat.
1886 1528 2037 1567 Actum

159 1598 199 1637 in
235 1598 431 1637 Hodonin
467 1608 577 1636 anno
612 1596 664 1635 ab
699 1597 1001 1635 incarnacione
1030 1597 1180 1636 domini
1213 1597 1453 1636 Millesimo.
1488 1594 1577 1637 CC.
1610 1597 1712 1636 XX.
1746 1597 1788 1635 in
1821 1597 2038 1647 presentia

160 1666 303 1705 horum
338 1678 509 1718 quorum
537 1666 700 1705 nomina
732 1665 1061 1716 subsequuntur.
1109 1666 1344 1705 Heinricus
1377 1666 1448 1716 qui
1481 1668 1519 1704 et
1548 1665 1816 1705 {Vlade'zlaus
1840 1665 2036 1706 Marcilio

159 1735 369 1774 Morauie.
398 1734 610 1776 Robertus
629 1734 919 1774 olomucensis
946 1736 1186 1785 episcopus.
1206 1733 1432 1773 Conradus
1458 1745 1598 1773 comes
1628 1734 1679 1773 de
1706 1734 1865 1774 Ardec.
1890 1735 2035 1774 Jaros.

160 1804 317 1844 Benes.
352 1806 507 1844 Bauor.
542 1804 694 1843 VVitco
729 1807 770 1863 et
797 1803 904 1843 alter
936 1803 1120 1843 VVittco.
1155 1807 1196 1842 et
1223 1803 1438 1842 Henricus
1471 1801 1539 1842 filii
1566 1791 1846 1842 Wittoconis.
1879 1803 2036 1843 Petrus

162 1872 267 1913 filius
309 1874 488 1913 Boliute.
526 1873 593 1913 W
599 1873 757 1913 ilalmus
792 1871 896 1912 filius
938 1872 1170 1923 Zbrazlay.
1203 1872 1446 1911 Budizlaus.
1485 1871 1754 1913 Suatozlaus.
1787 1872 2036 1912 Berliterus.

164 1943 442 1998 Englisalcus
461 1942 817 1995 prothonotarius.
850 1942 963 1981 Data
989 1952 1066 1993 per
1082 1953 1244 1981 manum
1262 1941 1493 1980 Hermanni
1511 1941 1676 1980 notarii.
1693 1940 1920 1981 indictione
1937 1941 2037 1980 Vll.

473 2094 526 2126 Ex
551 2093 753 2135 originali
776 2093 904 2125 archivi
928 2091 1077 2134 ejusdem
1101 2096 1238 2125 monast.
1261 2094 1346 2135 sign.
1371 2092 1412 2124 G.
1436 2093 1462 2125 Ι.
1486 2093 1518 2124 in
1540 2094 1674 2134 registr.
1699 2102 1727 2124 c.
1751 2102 1778 2125 r.
1803 2090 1970 2124 Gubernii.
1995 2110 2038 2115 —

576 2146 628 2177 De
658 2145 682 2176 3
708 2146 826 2187 sigillis
853 2147 980 2177 unicum
1005 2146 1152 2176 Heinrici
1176 2147 1342 2186 superest.
1367 2147 1484 2186 estque
1505 2147 1660 2186 equestre
1685 2154 1755 2175 cum
1771 2144 1864 2176 leone
1887 2145 1918 2175 in
1941 2147 2036 2176 scuto

578 2200 610 2228 et
641 2198 966 2238 circumscriptione:
1005 2197 1181 2228 Heinricus
1212 2197 1275 2228 Dei
1304 2197 1414 2237 gratia
1447 2196 1603 2229 Mai-chio
1634 2196 1800 2228 Moravie.
1842 2215 1885 2218 —
1925 2195 2036 2236 Apo-

578 2249 772 2290 graplium
797 2250 829 2280 in
853 2248 926 2280 cod.
953 2248 1186 2280 Welehrad.
1211 2247 1280 2279 Ms.
1305 2248 1359 2278 fol.
1384 2245 1447 2279 39.
