2212 2876
1075 56 1146 97 48

173 205 217 241 ut
249 200 354 240 infra
389 201 610 240 clausuras
644 200 827 239 locorum
860 210 940 238 seu
974 200 1279 255 grangiarum*
1301 202 1540 246 vestrarum
1571 198 1709 239 nullus
1749 199 1937 251 rapinam
1969 210 2046 239 seu

173 269 321 310 furtum
348 269 507 323 facere7
533 270 677 323 ignem
709 279 939 321 apponere,
967 269 1220 322 sanguinein
1254 256 1445 321 sundere,
1469 267 1672 307 hominem
1706 272 1864 308 temere
1891 280 2048 320 capere

175 340 243 380 vel
276 339 529 392 interficere7
563 350 640 377 seu
673 338 921 376 violenciam
948 337 1103 376 audeat
1137 348 1363 376 exercere.
1412 337 1620 376 Preterea
1652 349 1794 376 omnes
1828 338 2048 378 libertates

173 413 215 449 et
247 410 523 448 immunitates
557 420 580 446 a
605 406 987 458 predecessoribus
1020 407 1178 445 nostris
1208 407 1408 445 Romanis
1443 404 1706 457 pontificibus
1735 407 1868 446 ordini
1901 411 2047 447 vestro

173 489 407 517 concessas
450 488 529 516 nec
571 488 651 515 non
693 479 735 514 et
775 477 1074 526 exempciones
1115 476 1368 514 secularium
1410 477 1685 515 exaccionum
1725 488 1750 514 a
1790 476 1970 529 regibus
2006 479 2049 516 et

173 547 431 599 principibus
464 546 534 585 vel
568 545 660 584 aliis
694 542 886 584 fidelibus
920 544 1236 584 racionabiliter
1280 544 1400 583 vobis
1434 544 1615 583 indultas
1656 546 1906 584 auctoritate
1940 557 2047 595 apo—

174 617 322 656 stolica
350 601 637 655 confirmamus
673 618 714 653 et
739 614 952 668 pres-entis
986 614 1129 664 scripti
1157 614 1386 666 priuilegio
1412 613 1719 652 communimus.
1766 614 2049 653 Decet-nimus

174 696 301 739 ergo7
336 688 380 724 vt
420 685 517 723 nulli
559 684 721 723 omnino
756 683 960 722 hominum
1001 683 1128 722 liceat
1168 681 1373 734 prefatum
1417 683 1711 721 monasterium
1752 687 1910 722 temere
1944 694 2045 734 per-

172 754 345 794 turbare
378 757 449 792 aut
483 754 573 792 eius
601 753 900 803 possessiones
933 751 1128 805 aullerre⁷
1162 752 1232 791 vel
1256 752 1421 790 ablatas
1456 752 1656 805 retinere7
1683 763 1761 791 seu
1795 752 2050 803 quibuslibet

175 823 483 863 vexacionibus
517 820 726 875 fatigare:
767 821 845 860 sed
882 822 1016 860 omnia
1045 821 1222 875 integra
1255 826 1562 860 conseruentur
1588 832 1743 874 corum,
1778 833 1850 872 pro
1877 832 2049 872 quorum

176 892 502 946 gubernacione
536 903 587 930 ac
621 891 937 930 sustentacione
971 901 1180 929 concessa
1214 893 1324 928 sunt.
1359 890 1505 928 vsibus
1540 890 1781 929 omnimodis
1815 888 2046 941 profutura,

175 962 294 1000 salua
328 961 444 1000 sedis
480 960 711 1012 apostolice
744 961 1007 999 auctoritate.
1071 959 1118 1000 Si
1161 970 1241 1010 qua
1276 960 1409 1012 igitur
1449 960 1489 997 in
1529 957 1706 998 futurum
1751 960 2048 998 ecclesiastica

174 1030 466 1081 secularisque
514 1041 700 1081 persona
747 1028 855 1068 hanc
902 1033 1047 1067 nostre
1090 1029 1406 1068 constitucionis
1457 1030 1656 1082 paginam
1697 1030 1853 1082 scions,
1901 1032 2048 1068 contra

178 1110 269 1138 eam
307 1103 468 1138 temere
507 1100 656 1138 venire
696 1098 975 1151 temptauerit7
1009 1098 1197 1137 secundo
1238 1098 1428 1137 tercioue
1469 1099 1727 1149 commonita.7
1762 1099 1842 1137 nisi
1884 1101 2044 1137 reatum

173 1180 289 1208 suum
330 1180 525 1222 congrua
575 1165 874 1207 satisfaccione
918 1167 1170 1217 correxerit,
1220 1168 1442 1217 potestatis
1485 1166 1742 1218 honorisque
1794 1168 1858 1205 sui
1900 1171 2049 1206 careat

174 1237 383 1290 dignitate
408 1248 607 1288 reamque
638 1248 686 1275 se
715 1236 853 1275 diuino
882 1236 1032 1275 iudicio
1058 1237 1248 1275 existere
1283 1236 1335 1275 de
1362 1240 1608 1286 perpetrata
1636 1237 1851 1287 iniquitate
1876 1246 2046 1289 cogno-

173 1309 267 1345 scat
308 1310 350 1344 et
390 1318 414 1345 a
458 1306 743 1345 sacratissimo
784 1316 963 1355 corpore
1011 1317 1061 1343 ac
1109 1305 1325 1359 sanguine
1368 1305 1436 1344 dei
1488 1310 1530 1344 et
1571 1305 1719 1344 domini
1770 1305 2047 1355 redemptoris

173 1376 304 1414 nostri
351 1375 460 1414 ,lesu
504 1374 662 1415 Christi
705 1375 843 1413 aliena
882 1372 964 1427 fiat7
1005 1378 1131 1425 atque
1171 1375 1212 1413 in
1252 1378 1442 1413 extremo
1483 1375 1679 1413 examine
1713 1374 1903 1413 districte
1942 1373 2048 1412 sub-

174 1445 315 1483 iaceat
355 1445 521 1483 vlcioni.
587 1442 763 1484 Cunctis
805 1448 956 1495 autem„
997 1443 1130 1482 eidem
1168 1444 1260 1482 loco
1295 1456 1373 1482 sua
1415 1445 1506 1482 iura
1539 1444 1824 1496 seruantibus7
1865 1444 1919 1482 sit
1958 1455 2044 1493 pax

174 1513 322 1553 domini
351 1515 481 1552 nostri
516 1514 624 1553 Jesu
653 1511 826 1566 Christi,
861 1513 1055 1564 quatinus
1082 1516 1124 1551 et
1156 1512 1223 1551 hic
1250 1511 1423 1551 fructum
1457 1512 1567 1551 bone
1593 1513 1779 1551 accionis
1812 1513 2048 1563 percipiant

173 1586 215 1622 et
248 1587 347 1633 aput
381 1583 609 1621 districtum
651 1583 827 1621 iudicem
867 1583 1023 1632 premia
1065 1585 1213 1621 eterne
1256 1583 1373 1632 pacis
1408 1582 1636 1620 inueniant.
1678 1582 1826 1620 Amen.
1891 1582 2045 1620 Datum

173 1651 377 1691 Laterani
405 1663 481 1702 per
514 1664 674 1691 manum
706 1651 914 1691 Johannis
942 1656 1091 1689 sancte
1118 1651 1256 1690 Marie
1292 1652 1332 1689 in
1357 1649 1574 1691 Cosmidin
1610 1651 1774 1689 diaconi
1802 1650 2046 1703 cardinalis,

173 1725 323 1760 sancte
357 1721 547 1760 Romane
589 1720 774 1759 ecclesie
808 1720 1049 1759 cancellarii
1090 1721 1142 1758 ll.
1176 1720 1396 1758 Kalendas
1439 1721 1558 1774 Maii7
1600 1720 1834 1758 indiccione
1868 1719 1944 1758 Xl.
1978 1720 2046 1757 in-

174 1785 441 1829 carnacionis
476 1790 678 1829 dominice
712 1801 820 1828 anno
855 1787 1149 1830 MCCNHI.
1182 1787 1457 1828 Pontificatus
1492 1799 1596 1828 vero
1630 1788 1780 1827 domini
1811 1787 2046 1827 Innocentii

178 1871 287 1910 pape
320 1860 441 1898 tercii
475 1870 584 1898 anno
617 1858 852 1897 vndecim0.

483 1950 513 1982 E
538 1949 680 1982 codice
704 1950 808 1981 chart.
831 1949 921 1982 Mss.
945 1948 1269 1981 Welehradensi
1292 1958 1363 1980 sec.
1386 1950 1525 1980 ineuntis
1550 1948 1625 1980 XV.
1650 1950 1681 1979 in
1706 1948 1792 1979 folio.
1816 1947 1838 1980 s.
1864 1945 1927 1980 94.

1057 2091 1153 2132 XL.

177 2186 448 2225 Innocentius
479 2199 592 2238 papa
626 2186 712 2225 III.
746 2198 919 2225 causam
951 2186 1162 2237 quandam
1194 2185 1440 2225 monasterii
1478 2184 1771 2237 Medlicensz‘s,
1803 2185 1849 2224 in
1880 2196 1962 2236 qua
1995 2182 2045 2224 ab

179 2256 377 2307 episcopo
418 2255 690 2295 olomucensi
730 2257 869 2295 nativus
911 2268 1043 2307 aequa
1083 2256 1284 2294 sementia
1315 2254 1483 2306 prolata
1524 2266 1616 2293 esse
1652 2252 1961 2307 perhibebatur,
1996 2252 2047 2292 de

248 2335 357 2364 noro
391 2325 548 2375 inquiri
579 2324 762 2363 mandat.
825 2325 986 2364 Datum
1027 2323 1198 2365 viterbii
1230 2324 1336 2363 XII.
1369 2323 1473 2364 Kal.
1506 2322 1780 2375 Septembris,
1822 2321 1973 2363 1208.

309 2396 592 2456 Innocentius
635 2415 874 2469 episcopus,
914 2427 1067 2454 seruus
1107 2426 1325 2454 seruorum
1368 2414 1435 2453 dei
1476 2414 1640 2454 dilectis
1681 2412 1772 2454 filiis
1814 2413 1958 2454 abbati
1991 2412 2044 2452 de

180 2483 367 2535 Gerstyn
401 2487 444 2524 et
483 2485 689 2538 magistro
723 2485 910 2524 Heni-ico
953 2485 1006 2524 de
1047 2484 1189 2524 Witin
1232 2487 1274 2524 et
1313 2483 1468 2523 'rutoni
1502 2483 1554 2523 de
1594 2480 1811 2523 Heiburch
1852 2481 2044 2534 plebanis
