2212 2876
1085 85 1193 126 234

199 234 343 272 sancte
384 231 540 271 Maria.
581 241 659 281 que
699 229 826 279 rulyo
867 227 1021 267 dicitur
1063 227 1273 267 Ozlauan.
1321 226 1400 266 deo
1442 227 1729 267 seruientibus
1770 228 2072 280 inperpetuum.

200 298 306 342 Cum
354 301 614 351 antiquorum
662 302 822 336 matura
872 301 914 336 et
956 296 1134 335 decocta
1174 295 1407 346 prudencia
1457 299 1589 351 gesta
1630 300 1858 348 temporum
1906 309 2074 337 suorum

198 371 471 410 consueuerit
497 368 668 418 scriptis
697 366 912 405 mandare.
947 377 997 404 eo
1023 364 1132 416 quod
1156 368 1378 419 gestarum
1402 376 1541 414 rerum
1565 367 1759 405 memoria
1785 370 1903 406 esset
1927 369 2072 406 tenax.

198 442 242 479 et
274 437 400 478 firma.
429 449 506 477 nos
541 448 682 477 eorum
708 437 915 475 imitantes
948 435 1140 489 uestigia
1167 435 1385 473 statuimus
1411 434 1589 486 quedam
1611 436 1862 474 necessaria
1887 436 2072 475 claustro

197 508 321 548 vallis
354 510 500 546 sancte
533 506 674 546 Mai-ie
708 506 749 544 in
782 505 951 555 scriptis
985 504 1204 557 redigere.
1238 506 1280 543 et
1309 504 1510 554 precipue
1543 503 1612 542 illa
1646 514 1726 555 que
1760 503 1934 555 quodam
1965 508 2072 544 tem-

196 588 300 629 pore
334 577 373 615 in
407 579 552 615 nostra
591 574 817 626 presencia
851 577 947 612 sunt
988 571 1170 611 diffinita.
1235 572 1414 612 Nouerit
1455 573 1596 624 itaque
1629 575 1711 612 tam
1743 583 1923 624 presens
1965 576 2071 613 etas.

198 657 318 698 quam
350 643 489 685 futura
512 645 756 696 posteritas.
781 637 890 694 quod
919 643 1090 682 illustris
1123 642 1319 681 memorie
1344 642 1419 681 111.
1448 642 1549 681 Rex
1574 641 1851 681 Bohemorum
1877 642 2075 682 Premizl

197 715 376 755 nomine.
416 714 470 753 ad
512 714 760 765 peticionem
795 716 979 751 nostram
1022 715 1065 750 et
1096 711 1268 751 aliorum
1308 711 1509 751 bonorum
1548 712 1732 750 virorum
1771 723 1848 762 pro
1889 711 2073 752 remedio

198 784 332 824 anime
366 794 456 823 sue.
498 786 541 822 et
572 782 714 821 inclite
758 781 1074 820 recordacionis
1116 780 1369 832 Wladz'zlay.
1410 778 1554 820 fratris
1593 781 1671 820 sui.
1712 780 1919 832 quondam
1958 792 2071 821 mar-

197 854 360 893 chionis
393 852 590 891 morauie.
634 853 699 890 ivs
732 855 979 902 patronatus
1022 851 1062 889 in
1105 850 1291 889 ecclesia
1330 851 1468 889 sancta·
1500 849 1649 889 iacobi.
1691 861 1772 901 que
1812 853 1878 889 est
1916 851 1998 890 sita
2030 851 2071 890 in

198 924 350 977 Burgo
383 922 617 962 Braneus-ef.
643 932 732 960 cum
758 920 947 960 omnibus
973 919 1236 970 appendiciis
1269 920 1371 958 suis.
1397 919 1569 958 contulit
1593 919 1777 959 claustro
1804 919 1910 971 quod
1937 920 2070 974 vulgo

196 994 373 1032 uocatur
414 990 616 1031 Ozlauan.
665 989 718 1028 ad
758 988 1008 1041 ususinibi
1051 988 1130 1027 deo
1180 989 1474 1029 seruiencium.
1538 988 1680 1039 Super
1725 1000 1805 1041 qua
1846 989 2070 1029 donatione

198 1062 261 1101 eis
295 1072 412 1100 suum
446 1059 560 1099 dedit
592 1059 873 1112 priuilegium.
907 1070 983 1097 suo
1017 1057 1161 1111 sigillo
1194 1057 1400 1096 munitum.
1434 1068 1516 1109 que
1547 1057 1735 1097 ecclesia
1768 1058 1860 1097 illos
1895 1057 2072 1099 deberet

197 1130 359 1169 habere
398 1129 560 1169 limites.
601 1139 707 1180 quos
748 1132 934 1178 tempore
976 1125 1119 1165 fratris
1172 1127 1236 1165 sui
1279 1126 1530 1176 wladizlay
1571 1130 1855 1166 consueuerat
1894 1127 2070 1167 habere.

196 1199 398 1239 videlicet
420 1197 528 1249 quod
562 1208 705 1237 omnes
732 1197 945 1237 teutonici.
980 1200 1021 1235 et
1055 1195 1214 1249 gallici.
1246 1193 1411 1246 prefate
1444 1194 1629 1234 ecclesie
1657 1206 1748 1234 cum
1781 1195 2069 1236 decimatione.

197 1271 239 1307 et
279 1269 384 1307 omni
433 1268 524 1306 iure
575 1267 869 1306 ecclesiastico
922 1266 1107 1305 debeant
1154 1264 1394 1304 subiacere.
1458 1264 1549 1304 Nos
1598 1268 1734 1304 autem
1783 1265 1840 1304 illi
1882 1266 2069 1306 ecclesie

196 1337 485 1377 concessimus
532 1337 597 1375 ius
637 1335 916 1387 parrochiale.
960 1334 1097 1386 quoad
1142 1333 1387 1385 baptismum
1439 1337 1480 1373 et
1529 1334 1797 1384 sepulturam.
1841 1337 1883 1374 et
1922 1339 2069 1374 cetera

195 1409 475 1446 sacramenta.
509 1416 590 1457 que
630 1408 825 1456 spectant
858 1404 911 1443 ad
946 1405 1008 1442 ius
1042 1404 1321 1455 parrochiale.
1356 1403 1452 1454 quia
1485 1403 1553 1442 illa
1597 1403 1783 1442 ecclesia
1814 1404 2068 1455 temporibus

195 1476 352 1516 nostris
384 1473 571 1514 fundata.
613 1477 655 1513 et
687 1486 711 1512 a
746 1473 867 1512 nobis
908 1474 946 1512 in
982 1473 1185 1524 expensis
1219 1471 1438 1512 abbatisse
1479 1473 1767 1523 prenominate
1800 1478 2067 1513 consecrata.

195 1545 396 1584 Ecclesia
444 1547 582 1583 avtem
629 1544 766 1582 scmclt'
813 1542 1006 1593 Nicowy.
1049 1553 1128 1593 que
1170 1542 1281 1581 iacet
1321 1540 1428 1580 inl'ra
1468 1543 1666 1581 terminos
1708 1542 1892 1581 ecclesie
1932 1543 2067 1582 sancti

196 1614 348 1653 iacobi.
382 1625 464 1653 non
491 1613 619 1652 debet
651 1612 812 1651 habere
838 1612 1106 1663 sepulturam.
1140 1622 1220 1650 nec
1248 1612 1504 1662 baptismum.
1539 1622 1617 1649 nec
1651 1610 1882 1650 huiusmodi
1916 1623 2067 1650 sacra-

195 1686 332 1722 menta
378 1682 673 1734 parrochialia.
737 1680 823 1721 Sed
869 1682 964 1732 quia
1006 1681 1124 1719 ciues
1158 1681 1273 1719 circa
1320 1681 1425 1719 illam
1465 1683 1695 1719 manentes.
1728 1681 1906 1718 maxime
1948 1685 2068 1720 erant

194 1752 367 1791 romani.
396 1755 452 1793 ¹et
497 1751 686 1804 linguam
729 1762 988 1790 morauorum
1036 1750 1105 1789 uel
1146 1750 1447 1789 teutonicorum
1494 1761 1575 1788 non
1618 1749 1928 1802 intelligebant.
1970 1749 2066 1789 ideo

196 1822 445 1860 auctoritate
479 1823 623 1859 nostra
665 1818 777 1858 sacta
811 1818 885 1858 suit
925 1819 1086 1870 capella
1121 1820 1256 1858 sancti
1297 1818 1475 1868 nicolay.
1511 1822 1552 1856 et
1585 1829 1609 1856 a
1644 1817 1766 1856 nobis
1801 1822 2066 1858 consecrata.

196 1893 239 1930 et
281 1890 466 1929 dedimus
514 1890 576 1929 eis
616 1901 826 1928 romanum
875 1889 1152 1927 sacerdotem.
1193 1889 1261 1939 qui
1310 1898 1451 1926 eorum
1491 1886 1653 1938 linquas
1704 1887 1978 1940 intelligeret.
2026 1891 2068 1927 et

196 1957 492 1999 consessiones
540 1959 717 1998 audiret.
758 1962 799 1997 et
851 1958 1029 1997 liaberet
1069 1957 1254 1996 diurnam
1296 1956 1524 1995 vtilitatem.
1568 1956 1880 2007 qualiscumque
1920 1960 2067 2007 posset

196 2026 286 2067 fieri
335 2028 386 2067 de
430 2028 708 2067 oblationibus
758 2039 912 2066 eorum.
957 2032 999 2066 et
1038 2026 1173 2078 siquid
1215 2025 1372 2065 vellent
1420 2026 1457 2064 ei
1499 2025 1595 2064 boni
1636 2025 1882 2076 specialiter
1921 2023 2067 2065 facere

196 2097 276 2136 hoc
310 2109 427 2136 suum
461 2101 591 2136 esset.
656 2096 712 2136 Et
743 2096 823 2135 hoc
858 2094 1029 2135 fecimus
1063 2108 1153 2135 cum
1187 2106 1399 2134 consensu
1438 2098 1479 2133 et
1512 2094 1685 2133 consilio
1720 2094 1888 2145 capituli
1922 2095 2066 2133 nostri.

195 2165 413 2207 Sacerdos
446 2170 580 2205 autem
623 2166 664 2204 in
698 2165 884 2204 ecclesia
917 2166 1052 2204 sancti
1093 2163 1245 2204 Jacobi
1280 2176 1362 2202 non
1403 2163 1530 2202 debet
1562 2164 1730 2202 institui.
1766 2164 1844 2202 nisi
1877 2163 1930 2202 ad
1964 2174 2066 2214 pre-

180 2236 473 2276 -sentationem
514 2235 675 2273 domine
716 2234 948 2273 abbatisse.
989 2239 1029 2274 et
1070 2236 1304 2273 conuentus
1354 2232 1460 2271 illius
1504 2233 1701 2271 ecclesie.
1751 2232 1871 2271 salua
1911 2232 2066 2283 vbique

196 2304 447 2344 auctoritate
489 2303 704 2343 diocesani
745 2305 934 2354 episcopi
974 2307 1015 2342 et
1058 2302 1355 2342 archidiaconi.
1398 2302 1453 2340 ita
1493 2306 1537 2340 ut
1579 2312 1718 2340 eorum
1762 2302 1840 2340 iuri
1882 2302 1922 2340 in
1955 2301 2067 2340 nullo

197 2373 454 2412 detrahatur.
517 2372 610 2411 Nec
645 2373 850 2411 sacerdos
891 2371 1017 2411 debet
1051 2372 1204 2410 institui
1239 2371 1292 2409 ad
1326 2371 1551 2409 ecclesiam
1591 2371 1726 2409 sancti
1760 2371 1952 2421 Nicolay.
1987 2370 2065 2409 nisi

197 2442 316 2481 saluo
350 2442 440 2480 iure
474 2442 609 2480 sancti
641 2441 794 2480 Jacobi
829 2441 1027 2480 ecclesie.
1063 2444 1104 2479 et
1137 2441 1188 2479 ab
1224 2441 1314 2491 ipsa
1349 2440 1475 2479 debet
1509 2440 1679 2478 institui.
1737 2439 1894 2478 Testes
1929 2444 2064 2478 autem

197 2511 317 2550 huius
352 2511 586 2550 donationis
610 2516 651 2549 et
674 2508 998 2549 confirmationis
1031 2514 1126 2549 sunt
1155 2510 1221 2548 liii.
1255 2508 1497 2558 Arnolplius
1527 2508 1807 2547 {rebecensis
1841 2507 2064 2548 Conradus
