2212 2876
1025 95 1133 151 aoo

141 251 353 305 presentis
386 247 532 299 scripti
574 243 805 297 patrocinio
845 239 1153 293 communimus,
1191 241 1381 278 tenorem
1419 236 1649 276 litterarum
1688 235 1871 288 ipsarum
1912 244 2013 286 pre-

141 320 331 361 sentibus
373 317 425 357 de
465 315 599 356 verbo
643 313 696 352 ad
738 311 915 352 verbum
948 309 1079 349 inseri
1119 306 1342 360 facientes7
1376 306 1444 358 qui
1477 305 1573 345 talis
1613 308 1701 344 est·
1767 303 2014 346 Constantia

141 389 209 430 dez·
244 388 387 441 ‚qratia
429 386 691 427 Boemorum
736 381 888 432 φεᾳὶηα
929 409 939 418 .
982 408 993 418 .
1036 406 1047 417 .
1085 374 1492 425 a.1235.[V2de
1528 386 1571 414 π.
1612 372 1839 423 COLXI.)
1901 370 2015 414 Nulli

142 470 253 513 ergo
288 457 450 496 omnino
477 443 680 494 hominum
712 451 840 490 liceat
866 448 975 489 hanc
1008 447 1211 501 paginam
1236 448 1382 484 nostie
1415 441 1738 483 confirmationis
1761 439 2015 495 infringere,

149 528 220 569 vel
255 528 294 566 ei
329 537 435 565 ausu
467 521 692 563 temerario
718 519 943 559 contraire
989 516 1037 558 Si
1063 516 1156 568 quis
1180 519 1316 554 autem
1342 513 1423 553 hoc
1457 515 1666 552 attentare
1699 510 2016 564 presumpserit

142 596 476 650 indignationem
518 588 806 641 omnipotentis
847 587 929 640 dei,
979 596 1029 624 ac
1071 584 1286 624 beatmem
1328 582 1444 622 Petri
1488 584 1530 621 et
1575 580 1696 620 Pauli
1734 579 2016 631 apostolorum

144 666 235 706 eius
269 675 318 704 se
352 662 517 702 nouerit
549 662 824 699 incursuium.
888 656 1042 696 Datum
1082 653 1251 694 Perusii
1283 650 1384 692 XV.
1416 649 1638 690 Kalendas
1670 649 1810 703 Junii3
1850 645 2016 700 pontifi-

143 738 264 774 catus
298 733 430 773 nostri
463 741 572 781 anno
606 739 729 768 nono.

456 843 626 875 Excusum
656 841 686 871 in
714 837 946 871 Sbaraleae
975 835 1162 867 Bullario
1193 834 1220 866 1.
1246 831 1335 864 159.
1367 835 1399 864 et
1422 832 1601 863 novissime
1625 841 1698 863 cum
1722 830 1810 862 fonte
1834 840 1894 861 suo
1919 829 2016 872 Reg.

562 892 760 933 Gregorii
791 890 853 921 lx.
883 890 915 920 in
940 887 1173 919 Tabulariis
1204 886 1423 917 Vaticanis
1453 884 1604 915 collatum
1635 892 1669 915 a
1682 882 1721 941 F.
1751 881 1950 925 Palacky.
1976 901 2019 906 -—

562 945 644 977 Item
671 952 785 974 exous.
810 940 899 985 apud
922 939 1130 982 Wadding
1154 940 1186 970 et
1209 936 1486 979 Bienenberg.

961 1129 1203 1172 CCLXIV.

148 1247 386 1300 Greqorius
417 1257 531 1298 papa
564 1243 646 1283 IX.
680 1242 879 1295 episcopo
923 1238 1197 1279 olomucensi
1227 1235 1413 1287 mandat,
1455 1237 1502 1274 ut
1532 1234 1644 1274 litem
1674 1234 1854 1273 rectoris
1887 1233 2023 1272 sancti

251 1315 484 1358 Michaeas
517 1315 742 1364 Znoymae
775 1321 869 1349 cum
898 1307 1107 1362 fratribus
1147 1319 1181 1346 s.
1215 1306 1401 1347 Joannis
1433 1305 1478 1343 in
1510 1304 1710 1344 Kaunice
1742 1302 1919 1343 decidat.

536 1383 610 1422 Dt.
642 1380 836 1430 Perusit,
869 1378 1002 1418 XIII.
1035 1374 1261 1417 Kalendas
1294 1374 1433 1426 Junii,
1473 1371 1626 1412 1235.

282 1477 548 1551 Gregorius
582 1494 808 1545 episcopus
842 1502 994 1531 seruus
1028 1499 1248 1528 seruorum
1283 1486 1363 1526 dei.
1412 1483 1665 1525 Venerabili
1691 1480 1810 1523 fratri
1842 1511 1853 1523 .
1886 1512 1896 1523 .
1930 1483 2023 1535 epi-

150 1579 280 1620 scopo
322 1565 589 1606 olomucensi
629 1563 807 1602 salutem
846 1564 889 1600 et
931 1558 1202 1610 apostolicam
1249 1555 1598 1595 benedictionem.
1661 1552 1865 1592 Exhibita
1903 1552 2024 1592 nobis

150 1637 329 1677 lectoris
363 1635 525 1674 sancti·
532 1632 761 1673 Michaelis
794 1632 838 1670 in
863 1631 1062 1680 Znoyma
1095 1627 1238 1678 petitio
1272 1624 1529 1677 continebat
1563 1622 1672 1674 quod
1704 1622 1914 1676 magister
1945 1621 2025 1661 ho-

151 1707 312 1759 spitalis
345 1704 482 1744 sancti
514 1702 724 1743 Johannis
757 1699 986 1749 Hierosoly
991 1697 1129 1737 mitani
1163 1696 1215 1735 de
1251 1694 1388 1735 eumz
1421 1692 1607 1733 diocesis
1639 1695 1724 1746 tue7
1757 1702 1887 1743 super
1919 1701 2050 1743 quo-.

153 1777 246 1816 dam
279 1785 427 1827 censu7
461 1772 632 1812 decimis
667 1774 709 1810 et
740 1769 870 1808 rebus
904 1768 996 1807 aliis
1030 1767 1071 1805 in
1104 1764 1345 1805 Prabelove
1378 1763 1596 1802 iniuriatur
1629 1760 1776 1800 eidem.
1840 1759 2025 1812 Ideoque

154 1844 399 1886 discretioni
439 1845 509 1882 tue
549 1851 627 1892 per
667 1838 898 1890 apostolica
938 1837 1097 1886 scripta
1145 1833 1401 1886 mandamus7
1443 1834 1653 1883 quatenus
1692 1828 1881 1880 partibus
1922 1840 2027 1869 con-

153 1914 317 1954 uocatis
350 1911 497 1952 audias
530 1920 701 1949 causam
735 1911 777 1947 et
809 1906 1090 1958 appellatione
1124 1907 1282 1942 remota
1316 1901 1455 1941 debito
1490 1898 1570 1939 fine
1604 1899 1816 1952 termines,
1848 1896 2027 1952 faciens7

156 1982 264 2035 quod
307 1979 517 2020 decideris
563 1989 641 2029 per
690 1971 912 2016 cen’suram
963 1973 1296 2030 ecclesiasticam
1346 1968 1513 2009 firmiter
1571 1968 1806 2008 obseruari.
1869 1967 2029 2007 Testes

156 2054 308 2104 autem,
342 2050 409 2101 qui
444 2047 597 2087 suerint
630 2045 837 2098 nominati7
871 2044 906 2083 si
941 2054 989 2083 se
1023 2043 1179 2097 gratia,
1213 2040 1306 2080 odio
1336 2039 1404 2079 vel
1436 2040 1581 2078 timore
1615 2037 1919 2091 subtraxerint,
1952 2047 2029 2088 per

158 2119 335 2161 eandem
368 2129 590 2157 censuram
617 2114 898 2167 appellatione
932 2115 1133 2151 cessante
1167 2109 1392 2161 compellas
1420 2108 1587 2148 veritati
1619 2106 1895 2147 testimonium
1929 2116 2031 2156 per-

158 2190 321 2229 hibere.
374 2187 522 2227 Datum
556 2185 725 2225 Perusii
754 2184 875 2224 Xlll.
898 2181 1120 2222 Kalendas
1145 2179 1281 2233 Junii3
1316 2175 1578 2229 pontificatus
1607 2176 1739 2215 nostri
1771 2186 1882 2214 anno
1906 2185 2028 2214 nono.

473 2294 526 2326 Ex
550 2292 742 2336 originali
769 2290 897 2324 archivi
923 2289 1001 2323 Soc.
1025 2289 1110 2321 Jesu
1133 2287 1296 2329 Znoym.
1320 2287 1351 2317 in
1374 2286 1593 2328 registratura
1616 2293 1645 2316 c.
1668 2294 1694 2316 r.
1720 2281 1886 2316 Gubernii.
