2212 2876
1037 131 1067 171 3
1075 128 1141 171 2'5

853 280 856 282 '
920 271 1249 315 CCLxXxlll.

161 369 344 419 liris—us,
370 368 464 408 dux
489 365 825 419 Rrec-laviensis,
853 367 971 420 filius
995 367 1117 408 dacis
1142 367 1372 408 Karimlzie
1396 371 1435 407 et
1451 379 1582 420 nepos
1608 369 1725 420 reyis
1750 348 2045 420 Boemorum,¹

153 438 306 476 incoli-s·
342 438 562 490 provincie
600 436 921 476 Bieclavz‘ensis
961 436 1300 488 (Lundenbury)
1340 437 1484 476 eadem
1514 438 1637 490 jura,
1677 450 1783 489 quae
1814 438 2023 489 quondam

154 518 180 544 α
214 504 416 546 Conrado
449 506 556 545 duce
587 508 626 544 et
658 504 846 545 Olakaro
878 517 979 557 reye
1008 507 1256 557 prot-inciae
1280 506 1500 545 Brunensi
1538 509 1636 545 sunl
1666 506 1914 558 cona-adita,
1948 506 2022 546 ob-

143 559 147 565 *
327 574 541 615 servanda
572 573 756 614 ηιαηιῐαῖ.
820 575 894 614 m.
927 575 972 613 in
1003 574 1178 625 Bisenc,
1207 574 1352 626 pridie
1382 573 1490 614 Idus
1521 574 1648 626 dulit,
1688 574 1840 616 1237.

283 667 345 728 In
384 686 548 725 nomine
588 688 738 724 sancte
786 688 828 724 et
869 684 1081 724 indiuidue
1121 685 1316 725 trinitatis
1356 696 1490 725 amen.
1553 687 1655 741 Ego
1700 670 1874 738 Vlricus
1915 687 2022 727 dono

155 754 222 794 dei
256 754 361 794 filius
404 755 522 793 ducis
554 753 777 793 Karinthie
818 765 869 793 ac
903 765 1036 804 nepos
1068 754 1309 793 nobilissimi
1351 757 1393 794 et
1431 754 1559 794 incliti
1601 755 1744 810 Regis
1778 757 2024 795 Boemorum

154 828 236 862 tam
269 823 480 863 modernis
521 834 641 874 quam
675 828 817 862 eorum
856 822 1182 861 successoribus
1216 823 1419 873 suppanis
1459 823 1650 863 militibus
1689 825 1847 876 totique
1886 825 2022 879 vvlgo

153 892 505 932 Brea-&lanensis
539 892 755 942 prouincie
789 902 844 930 ex
875 894 1053 942 utraque
1087 894 1207 941 parte
1239 892 1423 931 Morene
1454 893 1689 932 constitutis
1723 893 2023 944 inperpetuum.

155 960 360 1010 Quoniam
394 971 465 1000 res
506 968 587 1012 que
620 960 832 1000 multorum
871 959 1038 999 'vtilitati
1067 959 1316 999 deseruiunt
1357 972 1383 999 a
1415 961 1641 1000 mortalium
1679 963 1875 1001 memoria
1917 963 2024 1002 obli-

153 1030 289 1069 uionis
329 1029 468 1068 nubilo
508 1026 699 1068 facillime
738 1027 1040 1067 subducuntur.
1078 1028 1157 1067 nisi
1207 1029 1353 1079 scripti
1391 1027 1546 1073 suerint
1584 1031 1812 1070 tenacitate
1854 1030 2024 1071 firmate.

154 1101 381 1149 eapropter
413 1097 467 1137 ad
500 1092 632 1137 nostri
664 1097 836 1137 honoris
870 1096 1174 1148 amplitudinem
1208 1101 1250 1136 ct
1283 1098 1416 1137 anime
1449 1102 1594 1138 nostre
1627 1103 1872 1150 perpetuam
1906 1101 2024 1140 salu-

154 1172 235 1207 tem
269 1179 321 1206 ac
353 1167 526 1206 omnium
559 1166 638 1206 sub
666 1170 809 1205 nostro
844 1166 1033 1205 districtu
1066 1167 1406 1206 commanentium
1439 1168 1557 1218 pacis
1591 1170 1633 1207 et
1661 1169 1811 1220 quietis
1844 1170 2024 1209 inuiola-

154 1235 276 1275 bilem
323 1236 631 1287 plenitudinem.
679 1246 734 1274 ne
774 1235 866 1286 quis
907 1236 1075 1286 proprio
1116 1235 1233 1275 libitu
1279 1238 1351 1275 aut
1391 1248 1497 1276 ausu
1536 1238 1760 1277 temerario
1810 1237 1915 1278 dolis
1956 1243 2026 1278 aut

155 1304 388 1356 calumpnia
427 1306 468 1343 in
507 1315 650 1356 parem
693 1303 897 1352 subditum
932 1308 973 1344 et
1011 1302 1251 1343 inferiorem
1293 1305 1511 1357 Vtriusque
1551 1317 1685 1345 sexus
1725 1308 1847 1358 quasi
1886 1307 2024 1347 licitus

156 1373 365 1413 efferatur.
398 1374 498 1412 talia
530 1374 718 1424 ponimus
752 1373 970 1412 obstacula
1004 1377 1045 1412 ct
1079 1374 1116 1412 ei
1145 1384 1225 1425 que
1259 1373 1299 1412 in
1330 1374 1464 1413 multis
1498 1376 1706 1414 scaturire
1740 1376 1847 1415 solet
1881 1387 2025 1430 nego-

156 1443 233 1481 ciis
268 1443 443 1482 obuiare
484 1443 668 1493 cupimus
709 1442 960 1492 inprobitati.
1023 1442 1174 1482 Notum
1214 1443 1268 1482 sit
1307 1453 1418 1496 ergo
1454 1444 1664 1482 vniuersis
1705 1444 1814 1496 quod
1846 1444 2025 1484 Illustris

156 1511 405 1550 Boemorum
452 1521 534 1550 rex
572 1511 806 1550 auunculus
855 1515 1001 1550 noster
1040 1511 1093 1550 de
1139 1522 1216 1550 sua
1255 1511 1417 1566 Regali
1456 1514 1706 1552 auctoritate
1748 1516 1790 1552 et
1829 1515 2024 1564 potencia

158 1580 377 1631 principali
418 1579 582 1631 quando
623 1580 878 1630 prouinciam
918 1580 1288 1619 Brecizlaucnsem
1337 1581 1458 1620 nobis
1498 1581 1749 1620 contradidit
1790 1583 2024 1636 regendam

157 1660 208 1688 ac
243 1648 550 1698 possidendam.
592 1648 643 1687 ad
678 1649 884 1688 uiolencie
926 1653 967 1688 et
1000 1650 1158 1688 erroris
1201 1649 1467 1689 omnimodam
1508 1650 1782 1690 abolicionem
1822 1649 2024 1702 prefatam

157 1718 411 1768 prouinciam
446 1722 588 1756 nostro
630 1723 946 1769 nostrorumque
980 1718 1172 1756 nobilium
1214 1723 1370 1772 rogatu
1403 1719 1631 1760 secundum
1664 1720 1771 1758 Jura
1806 1721 2022 1770 prouincie

158 1787 393 1826 Brunensis
426 1787 524 1839 regi
567 1790 609 1826 et
641 1787 827 1826 ordinari
860 1786 1064 1837 disposuit
1103 1798 1153 1825 ac
1188 1786 1240 1826 de
1273 1799 1350 1826 sua
1391 1788 1551 1841 Regali
1585 1788 1841 1838 plenitudine
1881 1794 2026 1829 nostro

157 1855 358 1894 commisit
389 1856 562 1894 arbitrio
603 1856 750 1895 eadem
782 1856 890 1895 Jura
931 1855 1175 1896 distendere
1208 1859 1250 1897 et
1283 1856 1494 1907 ampliare.
1535 1857 1591 1895 ita
1623 1860 1762 1897 tamen
1794 1861 1838 1897 nt
1871 1857 2025 1898 exinde

158 1934 339 1974 presens
373 1927 466 1964 etas
492 1922 717 1975 proficeret
749 1928 791 1964 et
814 1922 950 1964 futura
984 1927 1018 1964 si
1045 1928 1190 1964 nostre
1222 1925 1415 1976 placeret
1439 1925 1704 1965 discrecioni.
1754 1926 2025 1980 Legentibus

159 2003 270 2047 ergo
305 1995 348 2032 et
371 1993 638 2033 audientibus
671 2004 835 2033 necnon
866 1992 1040 2045 prefatis
1064 1993 1275 2033 utentibus
1301 1979 1555 2033 iusiurandis
1587 1998 1631 2034 ut
1657 1998 1801 2034 nostra
1833 1995 2026 2046 deposcit

158 2062 370 2100 serenitas
405 2062 686 2101 dubitacionis
718 2063 955 2114 scrupulum
988 2066 1030 2102 et
1056 2063 1235 2101 nubilum
1268 2064 1520 2114 suspicionis
1553 2075 1772 2103 remouere
1806 2065 2026 2115 cupientes

158 2131 252 2180 ipsa
284 2130 375 2169 iura
416 2134 458 2170 et
489 2131 824 2171 uenerandorum
858 2133 1104 2171 Boemorum
1147 2132 1318 2186 Regum
1351 2132 1684 2186 gubernatorum
1727 2134 1795 2185 pie
1827 2133 2026 2174 videlicet

158 2199 354 2238 memorie
394 2198 516 2238 ducis
550 2199 752 2240 Com-adi.
793 2212 957 2240 necnon
998 2201 1139 2239 inclite
1178 2200 1494 2240 recordacionis
1536 2203 1739 2253 quondam
1779 2203 2025 2242 Boemorum

160 2267 304 2320 Regis
344 2268 411 2306 aui
444 2269 574 2307 nostri
616 2268 818 2313 Ottakari.
860 2274 902 2309 et
934 2269 1174 2309 nobilissimi
1215 2270 1409 2309 auunculi
1448 2271 1579 2310 nostri
1619 2271 1869 2310 Boemorum
1902 2273 2026 2325 regis

159 2335 418 2375 Wenceslai
451 2336 716 2387 beneplacito
750 2342 792 2377 et
824 2339 985 2392 Regali
1018 2338 1250 2377 serenitate
1284 2339 1494 2378 Brunensi
1530 2340 1744 2390 prouincie
1777 2340 2025 2379 contradita.

162 2409 203 2443 et
235 2405 416 2455 ipsorum
442 2406 692 2446 auctoritate
714 2404 882 2447 firmiter
906 2407 1106 2447 roborata
1132 2407 1184 2446 de
1214 2407 1345 2447 verbo
1371 2408 1424 2447 ad
1449 2409 1622 2448 verbum
1653 2409 1839 2459 presenti
1863 2409 2024 2462 pagine

162 2472 351 2512 duximus
394 2473 622 2513 inserenda
662 2474 742 2514 hoc
782 2475 914 2515 modo.
981 2475 1136 2515 Omnes
1176 2475 1426 2517 hereditates
1470 2489 1574 2528 quas
1612 2478 1699 2517 uiri
1743 2476 1903 2516 nobiles
1943 2480 2025 2516 tam

160 2542 344 2581 neaiores
377 2554 501 2595 quam
524 2544 709 2583 minores
742 2546 924 2596 {empore
949 2543 1070 2584 ducis
1104 2545 1295 2586 Conradi
1321 2546 1412 2585 sine
1443 2546 1613 2598 querela
1645 2546 1751 2586 iuste
1783 2547 1823 2585 cl
1849 2545 2027 2598 pacifice
