2212 2876
1070 75 1170 115 146

180 220 424 275 virginibus
458 219 536 259 sub
564 218 713 259 eadem
745 218 941 257 libertate
968 218 1256 258 concessimus
1289 217 1425 257 libere
1459 220 1502 258 et
1525 215 1702 268 pacifice
1736 218 1777 258 in
1810 221 2057 270 perpetuum

180 289 492 342 possidendam.
556 289 616 328 vt
662 291 799 327 autem
849 287 930 326 hec
979 290 1112 326 ratam
1158 286 1346 327 habeant
1397 288 1440 325 et
1488 287 1782 327 inconcussam
1830 286 2058 329 firmitatem

178 359 311 414 sigilli
343 359 476 398 nostri
509 357 789 408 impressione
829 367 1012 407 presens
1046 357 1244 407 scriptum
1284 355 1542 395 muniuimuS.
1605 357 1758 396 Actum
1791 357 1834 396 in
1866 358 2054 398 Brunna.

178 428 222 467 V
224 428 256 468 Ι.
297 439 431 468 nonas
471 426 639 467 Marcii.
702 426 829 466 Anno
874 427 1027 480 gracie
1066 426 1292 466 Millesimo
1341 425 1627 465 ducentesimo
1666 427 1879 480 vigesimo
1919 428 2056 468 tertio.

177 497 336 537 'restes
375 500 472 536 sunt
512 496 581 535 hii.
638 496 849 535 Bawarus
892 494 1185 535 Olomucensis
1230 493 1515 536 Camerarius.
1558 493 1725 535 Golach
1766 495 2057 537 olomucensis

179 567 462 620 Burgi-auius.
495 566 657 605 Boruta
690 576 781 604 cum
814 562 894 603 filio
928 576 1004 603 suo
1039 564 1213 604 Boi-uth.
1239 564 1429 603 Zavissa
1463 575 1553 604 cum
1586 562 1720 604 fratre
1753 576 1835 605 suo
1869 562 2057 606 Cstibor.

176 636 423 687 Stephanus
464 635 736 689 Burgi-auius
780 634 821 673 in
862 633 1071 673 deuichki.
1114 633 1400 674 Semizsslaus
1450 645 1541 673 cum
1581 631 1714 673 fratre
1755 645 1832 674 suo
1874 634 2056 675 Ninech.

180 705 330 745 Datum
362 716 440 756 per
471 716 633 744 manum
665 703 874 755 Wyperti
907 704 1024 743 curie
1058 707 1203 743 nostre
1239 703 1554 754 prothonotarii.

490 804 546 837 Ex
569 804 766 846 originali
791 805 821 835 in
846 803 983 835 archivo
1008 804 1142 845 capituli
1167 802 1476 845 Olomucensis3
1501 803 1644 846 sigillum
1668 805 1821 835 attritum.

1013 979 1217 1022 CXLIV.

176 1081 392 1139 merny-sl,
426 1098 510 1125 νεα·
541 1086 802 1126 Boemorum
835 1088 874 1124 et
904 1085 998 1124 dum
1031 1086 1326 1136 Met-avorum2
1360 1097 1456 1125 cum
1488 1086 1669 1138 conjuye
1701 1098 1780 1125 sua
1807 1085 2056 1127 Constantia

177 1156 334 1196 eisdem
373 1154 628 1195 monialibus
671 1167 754 1195 sem
800 1158 938 1194 terras
978 1156 1023 1194 in
1061 1153 1287 1194 Bulfowan
1334 1157 1373 1193 et
1409 1155 1633 1195 macellum
1672 1166 1802 1195 unum
1844 1154 2056 1196 Olomucz'i

454 1237 549 1265 cum
582 1225 819 1264 eoeemtione
850 1224 1066 1264 hominum
1100 1223 1344 1263 earumdem
1378 1225 1614 1277 conferunt.
1647 1223 1695 1266 S.
1728 1224 1767 1264 d.

305 1319 367 1381 In
406 1339 572 1379 nomine
613 1342 764 1378 sancte
808 1341 850 1377 et
888 1337 1102 1377 indiuidue
1142 1337 1352 1376 trinitatis.
1417 1334 1521 1377 Cum
1562 1337 1603 1376 in
1642 1340 1792 1376 sancta
1832 1336 2056 1378 deuotione

176 1409 215 1449 in
242 1405 413 1450 Christo
438 1408 507 1460 pie
538 1408 663 1448 uitam
689 1406 941 1448 ducentibus
971 1407 1220 1461 religiosam
1249 1405 1474 1458 quemlibet
1497 1406 1768 1446 christianum
1797 1406 1851 1446 sit
1873 1418 2056 1447 necesse

175 1479 405 1518 orationum
445 1477 592 1517 muniri
625 1476 859 1532 suffragiis.
899 1478 1049 1517 iustum
1087 1474 1277 1528 profecto
1320 1479 1387 1515 est
1425 1477 1621 1528 quatinus
1664 1476 1845 1528 ipsorum
1879 1476 2058 1527 inopiam

174 1551 358 1587 nostram
395 1549 593 1598 putantes
634 1557 690 1586 ex
729 1547 793 1586 eis
828 1557 909 1598 que
942 1545 1064 1585 nobis
1106 1556 1164 1585 ex
1196 1545 1400 1600 largitate
1434 1544 1672 1585 donationis
1713 1543 1885 1585 affluunt
1917 1545 2057 1586 diuine

174 1628 315 1657 eorum
349 1617 618 1668 suppleamus
653 1616 982 1655 misericorditer
1015 1613 1236 1654 defectum.
1300 1614 1509 1655 Nouerint
1542 1616 1684 1668 itaque
1717 1619 1799 1655 tam
1831 1618 2056 1667 presentes

175 1698 295 1739 quam
328 1684 454 1726 futuri
488 1685 721 1725 christiane
748 1683 1026 1738 professionis
1061 1683 1127 1724 filii
1158 1684 1266 1737 quod
1301 1685 1403 1739 Ego
1437 1685 1636 1725 Premizl
1666 1684 1735 1724 dei
1761 1688 1861 1724 nutu
1894 1685 2055 1724 tercius

173 1768 259 1796 νεα·
300 1755 542 1796 boemorum
582 1758 620 1794 et
659 1754 753 1795 dux
795 1766 1069 1794 mor-auorum
1108 1766 1185 1805 pro
1226 1754 1412 1794 remedio
1451 1758 1721 1806 peccatorum
1762 1765 1944 1794 meorum
1975 1764 2056 1794 nec

175 1837 256 1866 non
297 1828 338 1865 et
371 1825 726 1877 predecessorum
766 1827 1004 1863 nostrorum
1045 1835 1136 1863 cum
1170 1824 1359 1877 coniuge
1392 1834 1485 1862 mea
1519 1823 1778 1867 Constancia
1820 1823 2055 1863 boemorum

174 1895 330 1949 regina
364 1894 528 1934 deuotis
561 1893 803 1948 uirginibus
837 1894 953 1933 circa
986 1895 1123 1933 sancti
1156 1893 1273 1932 Petri
1307 1893 1532 1932 ecclesiam
1566 1893 1605 1931 in
1642 1891 1850 1933 Olomuclz
1884 1891 2055 1933 Christo

173 1962 483 2005 famulantibus.
521 1967 611 2003 tres
644 1967 785 2003 terras
822 1963 874 2002 ad
909 1963 1067 2014 tynech
1107 1965 1355 2013 spectantes
1389 1962 1430 2001 in
1471 1961 1571 2002 villa
1602 1960 1827 2001 Balcowan
1869 1961 1982 2001 dicta
2015 1965 2057 2002 et

176 2034 379 2086 quasdam
412 2034 466 2073 ad
500 2033 781 2073 Olomucense
822 2035 1004 2072 castrum
1038 2032 1313 2084 pertinentes.
1354 2032 1445 2070 iure
1478 2031 1763 2082 possidendas
1796 2031 2055 2071 hereditario

175 2104 215 2142 in
249 2107 490 2154 perpetuum
524 2103 784 2142 contulimus.
824 2102 1030 2141 addentes
1064 2102 1127 2141 eis
1169 2102 1344 2152 insuper
1377 2099 1616 2140 carnificem
1654 2113 1777 2140 unum
1811 2101 1853 2139 in
1886 2101 2055 2140 ciuitate

175 2172 388 2213 Olomuch.
436 2173 477 2211 in
517 2172 747 2212 subsidium
787 2172 994 2223 hospitum
1042 2171 1096 2210 ad
1136 2171 1255 2221 ipsas
1304 2170 1626 2210 aduenientium.
1690 2170 1912 2221 Pauperes
1951 2181 2054 2209 uero

174 2254 318 2282 earum
351 2254 377 2281 a
410 2240 726 2281 reedificatione
754 2246 987 2282 castrorum
1022 2245 1065 2281 et
1098 2241 1151 2281 ab
1181 2240 1369 2281 omnibus
1402 2240 1646 2280 tributorum
1672 2251 1751 2279 seu
1784 2238 2057 2294 vectigalium

174 2317 496 2362 ceterorumque
529 2310 760 2350 huiusmodi
794 2311 1090 2350 exactionibus
1130 2310 1291 2350 liberali
1333 2308 1621 2349 munificencia
1664 2308 1932 2348 absoluimus.
1996 2307 2057 2347 Vt

174 2385 311 2421 autem
353 2380 433 2419 hoc
474 2383 620 2419 nostre
661 2380 896 2420 collationis
947 2380 1098 2420 donum
1139 2380 1268 2419 robur
1309 2379 1468 2418 habeat
1515 2377 1717 2418 firmitatis
1759 2389 1811 2417 ac
1851 2377 2055 2427 deinceps

172 2455 401 2501 temporum
451 2454 824 2499 processu-ratum
866 2453 1073 2489 teneatur.
1117 2449 1404 2488 venerabilem
1455 2448 1774 2489 olomucensem
1816 2447 2052 2498 episcopum

176 2520 402 2559 Robertum
444 2522 648 2571 perpetuo
682 2519 948 2559 anathemate
989 2517 1236 2559 confirmare
1277 2518 1539 2573 rogauimus.
1579 2518 1808 2570 scriptique
1841 2515 2053 2568 presentis
