2212 2876
1069 88 1176 138 354

179 237 248 275 nis
281 235 503 281 Mat-atne,
538 234 606 286 qui
640 233 762 273 iudici
797 244 872 271 suo
906 232 1097 285 montium
1131 231 1184 271 de
1218 231 1314 283 lqla
1348 230 1460 272 dedit
1503 232 1542 271 in
1583 231 1812 285 mandatis,
1862 233 2057 284 quatinus

180 315 354 344 sorores
403 301 566 355 prefate
606 303 647 342 in
689 300 864 354 prefatis
904 301 1076 341 decimis
1117 300 1401 352 percipiendis
1443 313 1468 340 a
1508 301 1617 341 nullo
1657 301 1969 342 urbm-ariorum
2016 303 2056 342 in

177 371 356 414 futurum
377 373 672 426 inquietentur.
711 371 864 411 Actum
889 371 929 409 in
956 373 1100 409 castro
1125 370 1330 410 Medloue
1355 382 1465 411 anno
1490 369 1639 411 domini
1665 369 2054 412 MCCXXXVIH.

492 472 521 506 E
547 471 662 504 codice
686 470 757 505 ΜΞ.
783 470 1151 504 Tischnowicensi.

1029 645 1206 690 CCCV.

180 743 418 796 Gregorius
456 756 571 797 papa
610 743 692 783 IX.
726 743 949 796 confirmat
993 743 1052 783 od
1086 744 1324 796 petitionem
1364 744 1598 796 praepositi
1646 742 2055 784 Doubrawnicensis

178 813 383 866 quasdam
413 814 722 865 possessiones,
756 825 861 865 quas
887 812 1097 865 quondam
1123 816 1244 865 puter
1268 813 1361 864 ejus
1392 812 1637 865 Stephanus
1662 812 1714 852 de
1738 812 1925 852 Medlow
1956 812 2055 852 huic

247 883 505 924 monasterio
539 883 784 922 contulerat.
848 883 1010 923 Datum
1041 882 1264 934 Laterani,
1307 882 1354 923 V.
1395 881 1780 941 Kalendasf‘llaji,
1828 880 1981 922 1239.

311 975 574 1050 Gregorius
609 995 835 1046 episcopus
869 1005 1021 1034 seruus
1055 978 1271 1034 seruorum
1306 993 1386 1033 dei.
1430 994 1608 1034 Dilectis
1642 992 1734 1033 filiis
1768 994 1981 1046 preposito
2015 997 2057 1034 et

178 1065 402 1105 conuentui
420 1065 662 1104 monasterii
680 1064 731 1104 de
742 1062 1040 1117 Doubrarnilc,
1056 1063 1213 1103 ordinis
1233 1064 1524 1118 s.Augustini,
1543 1063 1834 1104 olomucensis
1855 1064 2054 1116 diocesis,

160 1134 354 1174 'salutem
386 1138 427 1174 et
461 1134 732 1186 apostolicam
763 1132 1112 1173 benedictionem.
1146 1130 1249 1174 Cum
1276 1144 1301 1173 a
1327 1133 1446 1172 nobis
1470 1134 1637 1187 petitur,
1672 1133 1781 1185 quod
1808 1133 1955 1172 iustum
1990 1136 2056 1172 est

180 1207 221 1242 et
254 1203 485 1257 honestum,
519 1207 599 1243 tam
623 1203 753 1257 vigor
787 1203 998 1256 equitatis,
1032 1213 1152 1254 quam
1179 1201 1280 1241 ordo
1315 1202 1457 1256 exigit
1489 1202 1678 1256 rationis,
1701 1206 1746 1241 ut
1769 1201 1809 1241 id
1836 1212 1912 1252 per
1936 1201 2055 1241 solli-

181 1272 404 1312 citudinem
449 1270 570 1311 osficii
604 1272 737 1311 nostri
770 1271 823 1311 ad
864 1271 1044 1311 debitum
1078 1271 1336 1322 perducatur
1376 1269 1578 1311 ellectum.
1641 1271 1883 1323 Eapropter
1916 1270 2056 1309 dilecti

181 1342 222 1381 in
257 1341 419 1381 domino
460 1339 541 1394 lilii,
583 1341 740 1380 vestris
783 1341 904 1380 iustis
947 1340 1296 1391 postulationibus
1337 1345 1465 1395 grato
1508 1344 1816 1380 concurrentes
1859 1350 2054 1390 assensu,

179 1411 494 1464 possessiones,
526 1422 630 1462 quas
656 1409 861 1461 quondam
895 1408 1155 1464 Stephanus,
1187 1413 1310 1461 pater
1327 1413 1436 1464 tuus,
1462 1407 1515 1449 fili
1540 1411 1769 1463 preposite,
1801 1409 2055 1449 monasterio

179 1482 326 1519 vestro
359 1480 428 1532 pia
461 1479 715 1520 liberalitate
749 1478 932 1533 donauit,
966 1480 1075 1518 sicut
1108 1489 1184 1518 eas
1217 1479 1327 1518 iuste
1360 1489 1411 1518 ac
1444 1476 1621 1530 pacifice
1657 1478 1900 1533 possidetis,
1933 1477 2055 1517 vobis

180 1549 430 1589 auctoritate
465 1549 696 1600 apostolica
730 1546 1033 1602 confirmamus,
1068 1551 1110 1588 et
1137 1549 1350 1600 presentis
1383 1549 1529 1599 scripti
1563 1548 1794 1599 patrocinio
1828 1548 2055 1586 communi-

180 1629 283 1658 mus.
333 1618 405 1660 Dt.
440 1618 645 1658 Laterani
680 1617 735 1657 V.
765 1617 988 1657 Kalendas
1020 1617 1139 1658 Maii.
1179 1615 1454 1658 Pontificatus
1486 1618 1619 1657 nostri
1651 1628 1762 1657 anno
1794 1615 2055 1656 duodeCImo.

491 1717 676 1752 Annales
700 1718 890 1752 monasterii
912 1718 1019 1753 sancti
1043 1717 1213 1751 Thomae
1243 1718 1435 1752 Brunnae
1464 1716 1534 1749 Ms.
1559 1724 1588 1749 a.
1616 1714 1732 1749 1769.
1757 1733 1801 1742 -·-
1823 1725 1901 1759 pag.
1924 1714 1961 1748 8.

1017 1892 1216 1936 CCCVI.

189 1989 478 2042 lVenccsluu-s,
512 2002 596 2030 rece
628 1990 845 2042 Boemtae,
877 1991 1133 2029 monasterio
1169 1986 1476 2029 Tisnowicensi
1499 1989 1543 2029 in
1563 1989 1748 2041 ‚qratiam
1774 1989 1922 2027 matris
1950 2000 2054 2027 suae

228 2057 500 2099 Constantine
529 2059 791 2114 fundatricis
823 2059 965 2109 omnia
997 2058 1104 2100 bona
1137 2062 1176 2098 et
1199 2059 1303 2112 jura
1336 2059 1567 2112 confirmat.
1617 2059 1779 2100 Datum
1810 2058 2005 2109 Praqae,

832 2127 1048 2168 Kalendis
1078 2128 1205 2181 maji,
1251 2128 1404 2170 1239.

312 2222 377 2285 In
425 2241 591 2280 nomine
637 2243 781 2280 sancte
827 2244 865 2280 et
911 2239 1131 2280 indiuidue
1177 2241 1373 2280 trinitatis
1422 2253 1556 2280 amen.
1619 2240 1711 2280 Nos
1760 2239 2054 2290 IVenzez-laus,

181 2301 462 2349 miseracione
495 2308 642 2349 diuina
683 2313 858 2361 quartus
889 2322 974 2349 rex
1016 2309 1205 2361 Boemie,
1238 2309 1396 2350 illustri
1434 2309 1600 2351 domine
1632 2308 1901 2349 dilectissime
1931 2308 2058 2347 nmtri

181 2390 257 2417 sue
298 2378 553 2429 Constantie,
600 2379 747 2429 reqine
784 2379 909 2429 reyni
956 2378 1144 2418 eiusdem
1191 2379 1494 2431 inperpetuum.
1558 2378 1724 2429 Quanto
1764 2377 1912 2417 diuina
1949 2388 2056 2429 pro-

181 2446 378 2486 uidenciu
417 2448 537 2486 uiros
570 2447 757 2489 illustres
794 2449 938 2499 Reqes
970 2447 1169 2487 uidelicet
1205 2460 1256 2487 ac
1284 2448 1505 2499 principes
1544 2448 1589 2487 in
1621 2446 1802 2486 ecclesia
1844 2445 1912 2485 dei
1951 2456 2056 2484 con-

182 2514 312 2556 stituit
349 2516 570 2568 clariores,
621 2519 732 2557 tanto
771 2517 888 2571 ipsos
935 2515 994 2558 ad
1038 2515 1324 2570 promerenda
1367 2517 1532 2570 premia
1583 2515 1788 2556 claritatis
1835 2516 1974 2554 eterne
2012 2514 2057 2553 in
