2212 2876
1046 103 1145 145 193

161 251 456 289 constructum.
520 248 635 288 Data
676 259 754 299 per
792 259 952 287 manum
993 248 1144 288 notarii
1185 247 1317 287 nostri
1357 246 1590 287 Hermanni
1630 247 1835 299 prepositi
1865 246 2032 287 Lutho-

160 319 419 358 mericensis.
452 318 551 357 VII.
584 317 686 357 Idus
717 317 983 357 Nouembris.

469 417 526 450 Ex
560 417 756 459 originali
791 416 1105 449 confirmatione
1141 416 1381 448 XVcnceslai
1415 417 1508 459 regis
1539 416 1580 448 ab
1612 425 1695 448 anno
1726 414 1843 448 1232.
1878 416 1912 447 in
1941 416 2033 447 curia

576 469 791 502 Brunensi.

949 600 1240 644 CLXXXVI.

161 695 376 749 Piemysl,
419 699 490 750 qui
523 700 562 737 et
600 696 829 749 otakarus,
862 709 947 736 νεα·
988 698 1259 748 Boemorum,
1300 697 1522 750 confirmat
1557 696 1849 749 fundationem
1880 708 2033 736 mona-

157 768 276 806 steria·
302 766 645 806 IVelelm·adensis
669 779 694 806 a
719 767 859 819 fratre
884 777 962 805 sao
999 765 1250 816 wladislao,
1279 766 1489 817 quondam
1514 766 1761 805 marchione
1792 767 2033 814 alm-aviae,

157 836 331 888 factam,
365 837 569 875 latissime
601 835 826 887 descriptis
870 834 1058 887 ejusdem
1088 834 1429 887 possessionibus
1472 838 1510 873 e!
1541 834 1809 874 libertatibus.
1873 836 2036 875 Datum

628 903 858 943 Helelerad
897 903 943 944 V.
977 904 1080 943 Kal.
1115 903 1379 955 Decembris,
1420 903 1572 944 1228.

290 989 351 1050 In
384 1009 546 1048 nomine
580 1011 729 1047 sancte
764 1010 806 1046 et
839 1007 1051 1046 indiuidue
1082 1006 1292 1048 trinitatis.
1339 1006 1441 1060 Ego
1474 1006 1669 1046 Primizcl
1704 1007 1771 1058 qni
1805 1010 1847 1046 et
1881 1006 2033 1047 Ottha-

161 1076 289 1116 karus
335 1078 496 1116 tercius
544 1077 642 1115 Rex
691 1078 938 1116 Boemorum
986 1076 1239 1115 monasterio
1283 1074 1648 1129 uselegradensi.
1714 1074 2033 1126 Cysterciensis

161 1147 321 1186 ordinis
355 1151 397 1185 ct
428 1146 626 1185 ministris
652 1146 718 1185 dei
753 1146 807 1185 ibi
836 1145 1096 1200 degentibus
1130 1146 1170 1184 in
1199 1148 1457 1195 perpetuum.
1509 1144 1611 1185 Cum
1636 1145 1849 1199 Regalem
1882 1145 2036 1186 deceat

161 1216 453 1256 excellentiam
497 1216 699 1255 venerari
732 1222 774 1255 et
812 1226 1062 1266 promouere
1096 1217 1285 1253 sanctam
1320 1214 1361 1253 in
1395 1215 1582 1254 omnibus
1617 1215 1855 1254 ecclesiam.
1889 1219 2036 1255 nostre

163 1286 295 1325 uisum
339 1283 413 1323 suit
446 1284 666 1324 clementie
710 1284 749 1323 id
782 1285 945 1323 iniciari
989 1287 1031 1323 et
1064 1283 1218 1335 exequi
1260 1283 1369 1335 qnod
1414 1287 1557 1323 nostre
1597 1283 1815 1323 serenitati
1858 1284 2034 1324 cederet

161 1353 213 1394 ad
254 1354 451 1393 meritum.
493 1357 535 1393 et
574 1357 723 1393 sancte
767 1354 909 1393 matris
951 1353 1137 1392 ecclesie
1178 1353 1381 1392 transiret
1423 1353 1476 1394 ad
1519 1343 1762 1404 proiectum.
1824 1354 1886 1393 lbi
1928 1354 2035 1392 enim

161 1428 279 1463 recte
309 1424 499 1463 locantur
524 1413 748 1462 beneficia?
771 1423 841 1462 ubi
869 1426 1069 1462 crescunt
1093 1423 1251 1462 merita.
1293 1422 1355 1462 lbi
1384 1422 1588 1462 decenter
1612 1423 1843 1474 impertitur
1868 1423 2034 1476 gracia.

160 1492 229 1532 ubi
264 1504 353 1531 cum
398 1492 563 1543 premiis
604 1492 836 1531 cumulatur
878 1492 1033 1546 gloria.
1097 1491 1305 1531 Nouerint
1344 1492 1484 1543 itaque
1525 1495 1605 1531 tam
1650 1496 1876 1543 presentes
1912 1503 2034 1543 quam

161 1558 301 1600 futuri.
336 1573 412 1599 nos
437 1571 492 1600 ex
524 1561 698 1600 consilio
724 1559 867 1600 fratris
901 1561 1033 1601 nostri
1060 1563 1102 1599 et
1134 1561 1334 1612 petitione
1366 1560 1600 1600 H'ladc'zlac'
1633 1561 1836 1612 qnondam
1861 1561 2034 1600 illustris

160 1630 425 1671 Marciiionis
454 1629 665 1669 Morauie.
699 1641 779 1669 nec
814 1642 895 1669 non
929 1634 971 1670 et
1004 1630 1334 1669 reuerentissimi
1367 1630 1500 1681 patris
1535 1631 1667 1670 nostri
1700 1630 1892 1682 Ruperti.
1927 1630 2035 1681 Epi-

161 1700 278 1750 scopi
315 1699 620 1739 Ollomucensis
655 1710 851 1739 assensu.
887 1699 1046 1739 domum
1086 1698 1406 1750 Cystcreiensis
1440 1699 1598 1739 ordinis
1639 1699 1894 1751 W'eleqrade
1928 1711 2035 1739 con-

161 1769 386 1807 struxisse.
427 1772 469 1807 et
501 1772 624 1819 prout
661 1772 760 1807 tunc
793 1769 991 1819 temporis
1034 1770 1238 1819 potuimus
1279 1768 1440 1807 ditasse
1482 1768 1670 1807 eandem.
1711 1772 1755 1808 ut
1794 1769 1932 1808 seruis
1967 1768 2035 1808 dei

163 1837 215 1876 ibi
251 1836 521 1892 degentibus,
556 1837 808 1876 cottidianus
843 1837 939 1877 inde
973 1838 1193 1889 proueniat
1226 1838 1363 1877 uictus
1404 1841 1446 1877 et
1477 1839 1669 1877 uestitus.
1703 1849 1868 1877 necnon
1902 1839 2034 1878 eciam

161 1906 203 1946 in
236 1911 419 1945 nostram
453 1910 494 1946 et
526 1918 820 1946 successorum
862 1911 1096 1946 nostrorum
1130 1907 1296 1946 tutelam
1338 1910 1380 1947 ct
1414 1907 1712 1958 protectionem
1746 1908 1855 1946 sicut
1887 1908 2034 1947 merito

161 1975 376 2015 debemus.
425 1975 600 2015 eandem
649 1976 883 2028 recepisse.
924 1987 1016 2015 cum
1066 1976 1254 2015 omnibus
1295 1976 1350 2015 ibi
1398 1976 1753 2016 commanentibus
1803 1987 2034 2029 eorumque

162 2044 320 2096 prediis
354 2048 396 2084 et
420 2045 779 2095 possessionibus.
807 2047 899 2085 siue
925 2046 1142 2097 acquisitis
1171 2046 1263 2085 siue
1290 2045 1421 2084 eciam
1454 2045 1739 2096 acquirendis,
1770 2049 1812 2085 et
1835 2058 1861 2086 a
1889 2050 2034 2088 nostra

161 2114 429 2168 benignitate
462 2125 629 2154 nennon
663 2115 804 2154 inclite
836 2116 1032 2155 memorie
1071 2112 1214 2153 fratris
1248 2114 1379 2153 nostri
1413 2114 1613 2153 antedicti
1646 2115 1844 2166 impensis
1878 2119 1920 2155 et
1952 2127 2033 2155 ex-

161 2184 307 2234 pensis
340 2180 511 2222 fundato
545 2186 587 2223 et
619 2182 826 2224 edificato.
859 2183 970 2223 hanc
1003 2184 1238 2223 libertatem
1278 2184 1476 2223 donasse.
1539 2183 1739 2224 Libertas
1780 2188 1917 2225 autem
1951 2184 2033 2225 hec

162 2255 228 2291 est
261 2262 381 2303 quam
405 2263 430 2290 a
462 2252 619 2303 pietate
643 2256 789 2292 nostra
821 2253 1040 2294 statuimus
1068 2257 1110 2293 et
1142 2254 1379 2292 sanccimus
1405 2250 1573 2292 firmiter
1606 2253 1841 2293 obseruari.
1869 2255 2033 2294 scilicet

160 2324 205 2360 ut
236 2331 380 2359 omnes
403 2320 526 2360 uillas
559 2324 601 2361 et
625 2323 926 2373 possessiones
961 2334 1066 2374 quas
1090 2321 1209 2361 modo
1243 2321 1430 2360 ecclesia
1454 2322 1534 2361 ista
1569 2322 1758 2373 possidet
1781 2323 1849 2362 uel
1884 2326 2032 2373 postea

162 2392 228 2428 est
260 2400 529 2440 possessura.
562 2390 800 2443 ubicunque
834 2391 875 2430 in
907 2392 1067 2446 Regno
1102 2394 1245 2430 nostro
1279 2391 1359 2429 site
1392 2394 1501 2430 sunt.
1534 2392 1626 2431 siue
1661 2392 1701 2430 in
1733 2392 1905 2431 Boemia
1939 2393 2031 2431 siue

162 2458 202 2498 in
233 2459 443 2498 Morauia.
477 2458 531 2498 ab
564 2459 672 2498 omni
704 2471 835 2500 onere
868 2461 1125 2500 tributorum.
1165 2459 1418 2514 redigalium
1451 2460 1733 2500 collectarum.
1776 2461 2030 2512 aliarumque
2058 2465 2062 2468 ’

162 2528 438 2568 exactionum.
463 2527 556 2568 siue
583 2528 624 2568 in
650 2529 963 2581 quatuordecim
987 2529 1038 2569 ad
1063 2530 1291 2582 principem
1315 2529 1384 2569 uel
1408 2527 1702 2570 beneficiarios
1728 2529 2030 2580 spectantibus,

1647 2597 1714 2638 25
