2212 2876
1060 97 1159 139 175

175 245 378 285 hominum
411 247 453 283 et
485 243 687 297 sigillatis
713 242 864 282 litteris
897 240 1162 281 roborentur.
1213 239 1330 279 Viuit
1362 238 1469 277 enim
1501 238 1654 278 littera.
1688 242 1729 278 et
1762 240 1871 279 actio
1904 239 2042 280 littere

175 313 473 354 commendata.
536 313 688 351 Notum
738 311 942 362 siquidem
991 308 1166 349 facimus
1206 308 1431 348 uniuersis.
1479 311 1558 347 tam
1606 309 1879 359 presentibus
1924 303 2043 361 'quam

172 380 344 422 suturis
368 381 476 447 quod
511 393 599 420 cum
634 392 710 420 nos
744 380 874 419 semel
907 379 958 418 de
991 378 1190 418 Morauia
1222 389 1299 428 per
1330 377 1550 416 Lulomizl
1580 377 1621 416 in
1653 377 1865 416 Boemiam
1897 381 2041 417 trans-

173 452 340 490 iremus.
376 463 451 501 pe1
484 451 696 502 querelam
730 449 879 488 domini
915 448 1092 487 Il'alleri
1113 447 1295 487 Abbatis
1331 449 1372 485 et
1398 443 1567 485 fratrum
1596 445 1636 485 in
1670 446 1815 485 eodem
1844 444 2040 486 Claustra

175 519 337 559 domino
372 517 650 558 famulantium
678 519 798 558 nobis
833 518 1018 557 constitit
1045 517 1277 557 euidenter.
1305 515 1411 566 quod
1446 527 1470 554 a
1496 515 1737 554 castellanis
1764 518 1804 554 et
1829 515 2041 566 Judicibus

175 592 303 640 atque
337 589 429 627 aliis
463 589 618 628 nostris
652 586 935 627 beneficiariis
969 587 1193 625 occasione
1228 584 1335 623 illius
1361 583 1482 634 culpe
1516 594 1596 635 que
1629 577 1768 623 Hlaua
1802 584 2042 637 uulgariter

174 659 418 698 nominatur.
451 657 639 696 eiusdem
679 657 811 696 nostri
846 655 1029 696 Claustri
1064 654 1321 705 pauperibus
1355 654 1532 692 maxima
1566 653 1859 704 inpedimenta.
1900 657 1942 692 et
1974 654 2040 692 in-

172 728 293 767 iurie.
326 719 456 778 atque*
485 727 736 780 grauamina
770 723 936 764 fiebant.
971 735 1090 775 quam
1123 722 1284 773 culpam
1310 723 1488 761 Hlauam
1519 721 1730 761 uidelicet.
1763 725 1807 761 ut
1839 722 2040 762 antedicti

172 797 306 836 nostri
340 794 525 836 Claustri
558 795 789 834 hominibus
825 797 1026 845 perpetuo
1061 793 1225 843 penitus
1268 791 1586 845 indulgeremus
1620 791 1759 830 diuine
1792 802 2041 830 remunera-

172 866 298 904 tionis
332 865 490 903 intuitu.
526 862 714 915 prefatus
748 863 827 902 W.
852 862 1002 901 Abbas
1037 873 1126 900 cum
1153 859 1353 899 fratribus
1387 860 1507 898 nobis
1541 859 1747 898 humiliter
1778 860 2040 910 supplicauit.

172 933 229 973 Et
262 933 358 984 quia
392 937 650 984 prenotatum
685 932 909 970 claustrum
942 929 1160 969 Lutomizl.
1194 929 1357 967 scilicet
1390 929 1565 967 maxime
1599 940 1688 967 cum
1723 929 1776 968 sit
1808 932 2041 968 nostrorum

173 1001 524 1054 predecessorum
565 1005 691 1051 atque
732 1004 877 1038 nostra
917 997 1125 1037 fundacio.
1166 998 1340 1048 speciali
1383 997 1558 1049 quadam
1603 998 1835 1037 dileccione
1875 1009 2041 1049 semper

174 1071 405 1111 dileximus.
447 1074 488 1109 et
520 1082 545 1108 a
578 1071 733 1108 nostris
776 1068 1100 1107 successoribus
1142 1067 1262 1120 diligi
1296 1067 1483 1105 uolumus
1525 1069 1566 1104 et
1605 1064 1752 1105 seueri.
1794 1066 1847 1105 ad
1887 1078 2040 1117 preces

174 1140 322 1180 domini
363 1139 553 1178 walteri
592 1138 852 1178 uenerabilis
894 1135 1073 1176 Abbatis
1122 1136 1308 1175 eiusdem
1348 1134 1534 1176 Claustri
1580 1139 1622 1174 et
1661 1133 1833 1174 fratrum
1873 1148 2039 1175 suorum

174 1208 348 1248 eandem
382 1207 543 1258 culpam
569 1218 649 1259 que
678 1207 815 1246 lllaua
840 1207 1078 1259 uulgariter
1112 1204 1274 1244 dicitur.
1301 1205 1488 1243 omnibns
1516 1205 1784 1258 generaliter
1809 1204 2039 1244 hominibus

173 1278 226 1317 ad
260 1278 339 1316 iam
373 1277 621 1315 nominatum
656 1274 894 1327 Claustrum
928 1274 1132 1314 Lutomizl
1172 1273 1478 1324 pertinentibus
1519 1278 1724 1324 perpetuo
1759 1273 2039 1327 indulgemus.

172 1347 421 1388 Statuentes
464 1349 507 1384 ut
541 1345 676 1384 nullus
717 1352 906 1396 umquam
939 1343 1195 1383 castellanus
1237 1342 1304 1381 uel
1342 1341 1488 1393 judex.
1529 1354 1606 1382 seu
1648 1343 1893 1394 quicumque
1935 1343 2041 1381 alter

173 1418 320 1455 noster
360 1419 430 1453 aut
472 1425 768 1452 successorum
809 1418 1044 1453 nostrorum
1086 1410 1396 1451 beneficiarius.
1438 1424 1567 1462 snper
1607 1408 1752 1451 eadem
1794 1412 1915 1463 culpa
1950 1423 2038 1451 cum

173 1485 275 1536 ipsis
309 1484 534 1534 disponere
568 1483 722 1521 audeat
755 1487 826 1521 aut
859 1486 1057 1521 tractare.
1091 1481 1166 1519 sed
1202 1481 1291 1532 ipse
1325 1481 1476 1521 Abbas
1510 1481 1695 1520 eiusdem
1730 1479 1915 1522 Claustri
1949 1493 2039 1521 cum

172 1553 260 1593 suis
293 1551 492 1591 fratribus
534 1552 644 1590 inter
677 1563 778 1590 suos
820 1551 1008 1590 homines
1042 1562 1132 1589 cum
1172 1550 1311 1590 Hlaua
1345 1548 1481 1590 suerit.
1523 1550 1674 1589 nullum
1713 1553 1953 1600 respectum
1985 1550 2039 1590 ad

172 1619 468 1662 beneficiarios
515 1619 678 1659 habens
727 1620 923 1671 quidquid
970 1620 1150 1659 uoluerit
1205 1619 1369 1658 ordinet
1417 1623 1460 1659 et
1505 1619 1710 1670 disponat.
1782 1618 2038 1670 Quicumque

173 1694 310 1730 autem
337 1689 594 1728 castellanus
624 1689 690 1728 uel
718 1689 865 1740 judex.
894 1692 965 1728 aut
996 1689 1102 1728 alius
1126 1686 1422 1727 beneficiarius
1451 1687 1561 1727 hanc
1595 1692 1778 1727 nostram
1802 1688 2037 1728 libertatem

173 1771 293 1812 quam
326 1759 517 1812 benigne
558 1770 632 1809 pro
666 1758 849 1797 remedio
884 1759 1018 1797 anime
1058 1761 1202 1797 nostre
1236 1761 1278 1797 et
1311 1756 1662 1808 predecessorum
1701 1760 1827 1808 atque
1859 1769 2039 1797 succes-

171 1840 311 1868 sorum
358 1831 592 1867 nostrorum
637 1825 834 1868 Claustro
881 1830 923 1866 et
963 1827 1202 1866 Elemosine
1250 1830 1394 1866 nostre
1441 1826 1483 1866 in
1530 1826 1736 1865 Lutomizl
1782 1826 2037 1865 indulsimus.

171 1899 386 1937 immutare
418 1897 610 1936 uoluerit.
636 1895 843 1936 beneficio
878 1898 1035 1935 careat.
1069 1899 1110 1935 et
1136 1895 1188 1934 ab
1222 1896 1434 1946 Episcopo
1459 1898 1575 1934 terre
1607 1895 1773 1945 pubIIce
1799 1905 2039 1935 excommu-

173 1967 349 2006 nicetur.
402 1966 470 2004 Ad
504 1965 625 2005 huius
657 1977 760 2005 uero
795 1969 939 2004 nostre
972 1964 1247 2018 indulgencie
1280 1967 1524 2015 perpetuum
1557 1967 1598 2002 et
1631 1963 1867 2003 inuiolabile
1901 1962 2040 2003 firma-

173 2039 360 2075 mentum.
394 2045 574 2085 presens
614 2035 880 2089 priuilegium
919 2045 994 2085 per
1028 2032 1336 2074 Cancellarium
1375 2037 1561 2072 nostrum
1593 2032 1822 2072 Arnoldum
1855 2032 2039 2072 wisse-

175 2103 433 2158 gradensem
473 2105 738 2154 prepositum.
781 2107 823 2143 et
862 2103 1146 2142 Hermannum
1185 2102 1388 2141 notarium
1428 2105 1612 2141 nostrum
1652 2101 2039 2142 Lutomericensem

174 2172 427 2224 prepositum
477 2172 701 2211 conscribi.
750 2176 792 2211 et
840 2172 971 2226 sigilli
1020 2172 1153 2211 nostri
1198 2171 1355 2210 robore
1401 2171 1652 2210 communiri.
1704 2171 1870 2210 nomina
1917 2171 2038 2210 etiam

174 2241 342 2280 testium
390 2251 530 2278 coram
579 2241 727 2292 quibus
777 2241 857 2280 hec
904 2239 1016 2280 sacta
1066 2243 1162 2279 sunt
1193 2240 1261 2279 hic
1311 2239 1573 2279 decreuimus
1621 2240 1827 2279 annotari.
1877 2239 2037 2280 Slauek

175 2309 434 2349 camerarius
467 2309 720 2364 pragensis.
755 2314 796 2350 et
838 2308 943 2349 lilius
977 2310 1068 2349 eius
1100 2308 1365 2363 Bognzlaus.
1399 2309 1531 2348 Bicen
1572 2309 1829 2348 castellanus
1862 2308 2036 2347 usi-an-

179 2379 423 2418 zlauiensis.
456 2378 688 2418 Hartlebus
721 2379 883 2418 uillicus
910 2379 1065 2433 Regis.
1098 2377 1321 2417 Johannes
1344 2377 1611 2416 castellanus.
1644 2378 1775 2417 ,Jaros
1809 2377 1861 2416 de
1895 2377 2035 2415 Pribi—

176 2447 325 2486 zlauic.
365 2446 496 2486 Vitek
528 2450 569 2485 et
608 2444 740 2486 frater
773 2448 863 2486 eius
902 2447 1127 2487 Ilenricus.
1159 2446 1317 2485 Boruta
1357 2445 1409 2485 de
1448 2445 1671 2500 Redgosc.
1712 2456 1801 2485 cum
1841 2443 1919 2484 filio
1960 2456 2035 2484 suo

176 2515 347 2556 Boruta.
396 2514 586 2556 SuIIzlav
636 2515 688 2555 de
737 2516 868 2555 Loza.
922 2515 1092 2557 Sauisa.
1141 2512 1314 2555 Cstibor
1361 2514 1414 2554 de
1462 2515 1677 2555 Nedelisc.
1735 2512 1885 2556 Coiata
1930 2511 2036 2553 filius
