2212 2876
1002 77 1022 117 1
1035 76 1203 138 33*

114 222 299 263 morauie
329 221 533 261 wadizlm·
571 221 736 260 nomine
770 220 838 272 qui
878 219 952 260 fuit
984 219 1182 261 fundator
1222 220 1465 260 monasterii
1505 217 1658 272 prefati
1698 220 1740 259 in
1773 220 1871 260 uilla
1907 232 1988 273 que

113 295 289 331 uocatur
326 290 506 330 vrislnm
548 286 669 342 quam
703 291 795 341 ipse
835 302 926 330 cum
960 292 1066 331 omni
1107 291 1198 330 iure
1231 301 1310 329 suo
1351 290 1529 329 dederat
1569 289 1756 330 ecclesie
1788 290 1988 344 welgra-

111 361 233 400 densi
266 364 470 412 perpetuo
510 360 808 411 possidendam
842 360 1070 399 ecclesiam
1110 359 1314 411 quondam
1354 357 1517 400 fundari
1558 360 1832 410 permisimus.
1874 364 1916 399 et
1948 360 1987 399 ei

110 430 153 470 in
193 430 326 481 ipsius
367 430 702 468 consecracione
743 440 821 480 per
863 440 942 468 nos
982 427 1094 468 facta
1137 429 1200 468 ius
1234 428 1504 480 parrochiale
1545 429 1862 483 assignauimus
1896 440 1987 468 eam

110 500 240 539 certis
278 500 467 539 terminis
509 498 734 538 limitando.
797 499 978 550 Insuper
1026 499 1210 538 decimas
1253 498 1440 537 eiusdem
1485 498 1586 539 uille
1629 498 1668 537 ei
1716 498 1990 552 integraliter

110 569 446 623 assignauimus.
479 568 593 608 nullo
627 568 946 607 contradicente
979 579 1030 606 ac
1063 568 1319 607 reclamante
1354 579 1445 607 cum
1487 578 1632 607 omnes
1665 568 1912 618 prouisores
1946 571 1990 607 et

111 649 296 690 persone
335 638 583 677 eclesiarum
618 637 906 676 adiacencium
946 642 1093 676 essent
1125 640 1367 688 presentes.
1417 637 1475 676 Vt
1508 641 1645 676 autem
1680 637 1761 676 hec
1794 637 1987 677 limitacio

111 710 154 747 et
186 707 437 746 decimarum
471 707 722 760 assignacio
765 705 818 744 illi
863 706 1022 745 eclesie
1065 711 1108 745 et
1148 707 1249 745 iuris
1291 705 1570 756 parrochialis
1610 707 1847 745 concessio.
1891 707 1989 758 quia

110 780 210 816 tunc
235 777 434 827 temporis
469 776 630 816 eclesie
662 776 772 814 illius
800 776 1016 826 prouincie
1045 788 1127 814 non
1157 780 1279 814 erant
1302 775 1484 814 limitate.
1512 773 1739 814 firmitatem
1767 776 1988 815 haberent.

111 846 236 886 Hanc
276 850 422 886 nostre
463 845 747 885 ordinacionis
785 845 987 897 paginam
1028 845 1173 899 sigillo
1221 848 1365 883 nostro
1405 842 1579 883 fecimus
1629 845 1788 883 muniri.
1852 845 1989 884 Huius

112 919 248 954 autem
288 916 349 954 rei
389 918 524 954 testes
564 914 616 953 ad
658 914 738 953 hoc
780 915 919 953 uocati
970 917 1012 952 et
1055 915 1094 952 in
1136 926 1306 965 quorum
1347 915 1573 965 presencia
1622 912 1702 953 hec
1743 917 1838 953 acta
1879 919 1988 954 sunt.

110 984 220 1025 Sunt
251 984 308 1023 hii
335 983 590 1024 Cvonradus
618 983 761 1022 scriba
795 983 847 1021 de
881 983 1070 1022 Brunna.
1103 983 1333 1022 lieinricus
1361 983 1568 1034 plebanus
1602 982 1654 1022 de
1683 983 1817 1021 vrhiz.
1850 982 1988 1022 Hein—

111 1054 225 1093 ricus
261 1054 465 1104 plebanus
499 1053 552 1092 de
579 1053 723 1091 borliz.
757 1051 941 1092 Sili-idus
975 1053 1180 1103 plebanus
1214 1053 1266 1092 de
1292 1052 1468 1091 brawiz.
1502 1052 1748 1091 Fridericus
1784 1052 1988 1103 plebanus

112 1122 165 1162 de
204 1122 367 1162 briwiz.
400 1122 707 1162 xvillehelmus
747 1122 954 1173 plebanus
988 1122 1040 1161 de
1074 1122 1270 1162 moderiz.
1313 1120 1499 1162 Orsanus
1533 1125 1575 1161 et
1606 1119 1739 1161 frater
1772 1122 1876 1161 eius.
1910 1123 1989 1162 mi—

110 1192 220 1232 lites.
254 1192 549 1232 Theodericus
589 1191 717 1231 iudex
757 1191 809 1231 de
842 1192 989 1231 znoim.
1053 1192 1178 1231 Anno
1217 1190 1432 1231 millesimo
1468 1190 1754 1230 ducentesimo
1788 1192 1988 1232 uicesimo

114 1261 315 1301 secundo.

424 1361 479 1393 Ex
503 1361 701 1403 originsali
727 1359 875 1402 ejusdem
899 1361 1087 1391 monasterii
1112 1361 1197 1402 sign.
1220 1360 1254 1393 J.
1277 1359 1314 1393 2.
1337 1379 1381 1383 ——
1404 1360 1484 1391 Item
1509 1359 1792 1401 apographum
1816 1361 1848 1391 in
1872 1359 1989 1392 codice

529 1412 861 1444 Wclehradensi
884 1412 954 1444 Ms.
980 1412 1034 1443 sol.
1059 1410 1123 1443 39.

935 1597 1165 1639 CXXXV.

113 1702 338 1747 Robertus,
379 1703 604 1755 episcopus
655 1701 964 1750 olomucensis,
1015 1702 1220 1741 ecclesiae
1267 1701 1319 1741 de
1364 1697 1582 1754 PlesIulsy
1628 1701 1873 1753 (Pr-illach)
1908 1703 1989 1756 jus

317 1771 569 1825 parochiale
600 1783 695 1811 cum
728 1770 904 1811 decimis
936 1772 1064 1811 rillue
1095 1772 1330 1811 Masowice
1362 1770 1564 1810 concedit.
1627 1771 1779 1810 1222.

243 1865 540 1936 Rsobertns]
573 1884 641 1924 dei
673 1885 829 1940 gracia
864 1884 1187 1925 Olomvnccnsis
1219 1883 1408 1923 ecclesie
1449 1883 1677 1934 episcopus
1711 1883 1900 1923 omnibus
1933 1883 1988 1923 ad

114 1964 220 2006 quos
253 1955 333 1994 iste
366 1953 505 1993 littere
539 1953 792 1994 deuenerint
823 1954 999 1993 salutem
1031 1954 1072 1992 in
1103 1953 1278 1993 domino.
1329 1953 1590 1992 Veneranda
1623 1954 1844 1992 consueuit
1877 1955 1988 1993 anti-

115 2023 254 2075 quitas
303 2023 558 2062 comandare
604 2023 834 2063 litterarum
876 2023 1135 2063 monimentis
1184 2033 1266 2073 que
1307 2022 1437 2061 uoluit
1484 2026 1688 2072 perpetuo
1737 2021 1904 2062 durare.
1947 2027 1991 2062 et

114 2092 311 2132 memorie
359 2090 511 2131 firmam
556 2091 718 2132 habere
766 2094 1046 2132 tenacitatem.
1110 2092 1205 2131 llac
1256 2092 1388 2145 igitur
1436 2092 1609 2130 racione
1655 2092 1750 2130 moti
1799 2092 1988 2132 uolumus

115 2162 386 2202 innotescere
429 2164 509 2200 tam
550 2162 821 2213 presentibus
855 2173 976 2214 qnam
1009 2160 1172 2201 suturis.
1213 2161 1322 2212 quod
1356 2171 1433 2200 nos
1474 2160 1516 2199 in
1554 2160 1653 2199 uilla
1694 2170 1775 2212 que
1808 2166 1988 2200 vocatur

116 2229 305 2271 Priklulc
344 2231 567 2270 ecclesiam
615 2231 820 2284 quondam
861 2232 1121 2283 permisimus
1161 2229 1340 2269 fundari.
1388 2241 1509 2281 quam
1550 2232 1592 2269 et
1632 2232 1988 2270 consecrauimus.

115 2304 159 2340 et
191 2302 324 2340 eciam
358 2300 630 2340 limitauimus.
664 2302 728 2341 ius
761 2301 1029 2352 parrochiale
1064 2300 1103 2339 ei
1143 2299 1429 2339 concedentes
1464 2300 1505 2338 in
1544 2299 1635 2338 iure
1669 2299 1910 2349 baptizandi
1946 2304 1988 2339 et

116 2370 351 2422 sepeliendi
385 2373 427 2408 et
459 2370 500 2408 in
534 2370 720 2409 omnibus
754 2370 914 2410 iuribus
948 2380 1028 2420 que
1053 2369 1307 2408 conueniunt
1340 2369 1526 2407 ecclesie
1561 2368 1816 2419 parrochiali
1848 2369 1985 2407 uillam

117 2437 170 2478 de
217 2439 465 2478 Massa-m-
511 2437 617 2478 insra
664 2440 864 2478 terminos
907 2438 1094 2478 eiusdem
1135 2438 1320 2477 ecclesie
1362 2438 1626 2477 includentes
1675 2442 1716 2476 et
1762 2448 1853 2476 eam
1894 2438 1986 2476 iure

117 2507 369 2558 parrochiali
417 2507 603 2548 ecclesie
651 2508 703 2548 de
750 2507 924 2548 Prikluk
965 2507 1237 2548 subicientes.
1279 2508 1318 2546 in
1359 2507 1531 2547 decimis
1580 2510 1622 2546 et
1663 2507 1851 2546 omnibus
1891 2507 1984 2545 aliis

1607 2575 1673 2616 18
