2212 2876
1051 110 1157 151 369

964 251 1246 295 CCCXVIII.

165 344 403 397 Greyorius
430 359 547 400 papa
580 346 661 387 IX.
694 345 836 387 ordini
873 346 1217 400 praedicatorum
1256 346 1458 400 indulqet,
1490 350 1537 388 ul
1566 349 1610 388 in
1642 348 1834 390 ordinem
1875 351 2037 390 intrare

163 414 393 455 volentibus
432 415 732 456 absolutionem
772 415 881 456 Ialae
918 417 963 456 in
995 429 1066 456 eos
1108 419 1334 457 sententiae
1373 417 1627 470 impendant.
1700 420 1772 458 m.
1814 419 2036 471 Laterani,

793 485 873 526 11⁷.
905 486 1055 526 Nonas
1087 485 1212 537 dulit,
1253 486 1405 527 1240.

295 576 558 650 Gregorius
591 596 818 648 episcopus
851 608 1002 637 seruus
1037 608 1254 637 seruorum
1288 597 1368 637 dei.
1401 598 1582 638 Dilectis
1616 596 1708 638 filiis
1740 628 1751 638 .
1784 628 1794 639 .
1827 600 2035 654 magistro

163 670 205 704 et
247 665 454 717 prioribus
503 665 663 705 ordinis
703 665 1026 716 predicatorum.
1065 666 1254 708 Salutem
1294 671 1336 707 et
1374 668 1647 718 apostolicam
1686 668 2037 709 benedictionem.

162 735 430 774 Auctoritate
462 735 586 775 uobis
628 736 883 786 presentium
923 735 1206 789 indulgemus.
1246 738 1290 774 ut
1328 736 1365 775 si
1405 737 1636 791 contigerit
1676 737 1838 789 aliquos
1879 737 2038 777 ordinis

162 804 294 843 uestri
327 804 577 858 religionem
612 805 770 844 intrare
802 804 1008 844 uolentes.
1041 805 1081 843 in
1115 815 1315 844 canonem
1347 805 1431 844 late
1473 807 1684 845 sententie
1726 805 1942 846 incidisse.
1982 817 2037 847 ne

163 873 268 924 pium
303 884 445 912 eorum
479 873 732 924 propositum
764 874 899 924 possit
931 873 1139 912 ullatenus
1173 873 1372 924 impediri.
1405 875 1442 913 si
1476 885 1551 914 eos
1585 874 1637 914 ad
1677 875 1821 915 sedem
1860 879 2037 927 aposto—

161 942 281 981 licam
321 942 519 982 laborare
559 945 763 993 oporteat.
803 943 866 981 eis
913 942 1188 981 absolutionis
1229 941 1476 982 beneficium
1517 943 1776 994 impendatis.
1821 944 2035 985 dummodo

162 1011 338 1062 dampna
371 1012 513 1062 passis
546 1015 588 1051 et
620 1011 807 1050 iniuriam
840 1010 1104 1051 satisfaciant
1136 1015 1437 1063 competenter.
1480 1013 1558 1051 nisi
1602 1011 1710 1053 forte
1753 1023 1887 1065 usque
1927 1013 2036 1053 adeo

161 1081 313 1134 grauis
347 1078 471 1119 fuerit
504 1083 546 1119 et
579 1081 760 1119 enormis
794 1091 935 1119 eorum
960 1091 1195 1119 excessus.
1230 1081 1338 1132 quod
1373 1082 1455 1120 sint
1488 1082 1632 1121 merito
1667 1081 1719 1121 ad
1753 1082 1896 1122 sedem
1930 1094 2037 1134 apo-

162 1148 349 1188 stolicam
388 1148 691 1188 transmitendi.
754 1149 865 1188 Nulli
916 1160 1027 1203 ergo
1069 1150 1231 1189 omnino
1272 1150 1476 1189 hominum
1517 1151 1643 1190 liceat
1685 1151 1794 1190 hanc
1836 1152 2038 1205 paginam

160 1221 305 1257 nostre
351 1218 644 1257 concessionis
694 1216 946 1272 infringere.
985 1218 1053 1257 uel
1094 1219 1133 1257 ei
1174 1230 1280 1258 ausu
1311 1220 1534 1258 temerario
1568 1220 1794 1259 contraire.
1858 1219 1906 1260 Si
1941 1220 2034 1272 quis

161 1290 297 1327 autem
330 1287 410 1326 hoc
442 1290 687 1338 attemptare
721 1288 1035 1338 presumpserit.
1070 1287 1402 1342 indignationem
1426 1288 1717 1339 omnipotentis
1750 1288 1819 1329 dei
1852 1291 1894 1329 et
1926 1289 2035 1328 bea-

162 1361 296 1396 torum
344 1356 463 1395 Petri
512 1360 554 1396 et
596 1355 717 1396 Pauli
770 1356 1050 1407 apostolorum
1103 1358 1193 1396 eius
1239 1368 1288 1396 sc
1335 1357 1500 1397 nouerit
1545 1358 1819 1396 incursurum.
1882 1357 2034 1398 Datum

160 1424 365 1464 Laterani
398 1425 494 1464 1111.
528 1424 676 1464 Nonas
708 1425 822 1464 Julii.
856 1424 1131 1466 Pontificatus
1164 1427 1296 1466 nostri
1330 1437 1440 1466 anno
1475 1426 1799 1480 quartodecimo.

473 1523 528 1556 Ex
552 1524 748 1567 originali
771 1523 930 1556 ibidem.

976 1699 1220 1743 CCCXIX.

163 1794 401 1851 Greyorz‘us
432 1807 546 1848 papa
571 1795 653 1836 IX.
685 1795 869 1847 mandat,
901 1799 948 1836 ut
973 1796 1136 1849 fratres
1158 1795 1479 1849 praedicatores
1511 1795 1563 1836 ab
1588 1795 1738 1837 ordine
1770 1795 2035 1838 discedentes

162 1867 201 1904 et
225 1867 399 1918 propter
426 1864 508 1904 hoc
532 1864 672 1917 ipsum
699 1866 1056 1904 excommunicati
1079 1864 1130 1904 ab
1157 1865 1349 1905 omnibus
1373 1867 1588 1906 evitentur.
1620 1867 1779 1906 Datum
1806 1867 2032 1918 Laterani,

786 1934 866 1975 IV.
897 1933 1046 1974 Nonas
1085 1934 1210 1985 Jnlz‘e’,
1258 1934 1410 1974 1240.

294 2025 560 2099 Gregorius
602 2046 830 2097 episcopus
870 2056 1023 2086 seruus
1063 2057 1282 2086 seruorum
1323 2046 1404 2086 dei.
1468 2046 1799 2086 Venerabilibus
1831 2045 2034 2087 fratribus

163 2113 511 2166 archiepiscopis,
553 2117 596 2154 et
628 2115 855 2167 episcopis.
896 2119 938 2155 et
971 2115 1135 2155 dilectis
1174 2113 1266 2155 liliis
1305 2115 1542 2155 abbatibus.
1586 2116 1809 2167 prioribus,
1843 2117 2033 2157 decanis.

162 2184 400 2236 prepositis.
439 2184 842 2236 archipresbyteris.
883 2184 1208 2224 archidiaconis.
1251 2188 1293 2224 et
1325 2185 1419 2224 aliis
1461 2184 1738 2225 ecclesiarum
1770 2185 1945 2236 prelatis
1979 2185 2033 2225 ad

162 2264 268 2304 quos
303 2252 442 2292 littere
475 2254 556 2293 iste
590 2254 874 2305 peruenerint.
908 2253 1094 2295 Salutem
1134 2256 1176 2293 et
1209 2254 1479 2304 apostolicam
1512 2254 1863 2294 benedictionem.
1928 2252 2033 2295 Cum

162 2321 406 2361 dilectorum
447 2320 619 2362 filiorum
651 2351 662 2362 .
695 2351 706 2362 .
738 2323 934 2377 magistri
981 2326 1023 2362 et
1070 2321 1240 2363 fratrum
1280 2323 1438 2362 ordinis
1484 2323 1792 2374 predicatorum
1831 2323 2033 2374 precibus

163 2391 348 2430 inclinati
382 2402 458 2442 per
490 2394 661 2431 nostras
694 2391 993 2431 inhibuerimus
1027 2391 1190 2431 litteras
1224 2402 1278 2431 ne
1305 2392 1397 2444 quis
1429 2396 1525 2443 post
1559 2390 1865 2443 professionem
1897 2390 2031 2432 eidem

164 2459 297 2499 ordini
331 2458 499 2500 factam.
543 2460 597 2500 ab
632 2460 779 2500 ordine
818 2461 910 2512 ipso
944 2461 1037 2500 sine
1078 2461 1141 2500 sui
1175 2461 1327 2512 prioris
1371 2460 1564 2502 discedat
1601 2461 1771 2501 licentia
1811 2464 1852 2501 et
1885 2460 2031 2501 disce·

163 2528 328 2568 dentem
362 2529 525 2582 absque
559 2529 754 2570 cautione
787 2530 1055 2570 communium
1088 2530 1315 2570 litterarum
1352 2560 1360 2570 .
1395 2559 1404 2570 .
1438 2531 1589 2582 prioris
1632 2534 1674 2570 et
1706 2528 1878 2570 fratrum
1910 2530 2029 2582 ipso·

1646 2597 1716 2639 47
