2212 2876
1034 77 1141 119 220

145 224 346 265 Johanne
391 224 542 277 iudice,
584 223 713 262 Petro
761 221 912 277 uillico7
955 219 1238 261 beneficiariis
1287 220 1650 277 Olomucensibus7
1691 225 1734 262 et
1778 222 2022 279 Nezamysl,

147 293 334 348 Onsone,
368 293 448 334 filio
482 292 724 347 Bicenonis7
760 294 802 330 et
833 291 914 330 alio
949 290 1136 344 Onsone,
1170 288 1250 329 filio
1283 290 1501 330 Bludonis.
1558 292 1608 331 In
1643 293 1762 332 cuius
1795 294 1858 333 rei
1892 294 2022 332 certi-

144 364 325 403 tudinem
359 363 543 418 sigillum
564 373 695 401 meum
728 371 894 412 appono
924 360 1020 399 huic
1053 360 1207 413 littere,
1233 363 1276 399 et
1307 372 1384 399 uos
1409 358 1579 414 fratres7
1611 360 1810 401 uidelicet
1843 362 2023 413 priorem

144 430 316 472 fratrum
349 432 672 484 predicatorum,
707 433 749 469 et
782 429 1063 484 guardianum
1096 427 1269 468 fratrum
1302 430 1501 469 minorum
1536 441 1662 484 rogo,
1695 434 1740 470 ut
1772 431 1893 470 etiam
1925 431 2021 471 huic

143 501 281 541 littere
314 502 457 557 sigilla
482 503 628 540 uestra
661 498 926 552 appendatis7
955 502 996 538 et
1029 510 1158 550 super
1183 499 1461 553 ordinatione,
1496 511 1616 551 quam
1646 511 1826 551 presens
1859 502 2022 555 pagina

144 572 342 626 continet,
375 569 651 610 testimonium
684 568 916 623 dignemini
950 568 1191 622 perhibere⁷
1236 568 1581 621 quandocumque
1613 567 1777 609 fueritis
1816 570 2019 622 requisiti.

454 683 509 715 Ex
537 682 768 714 Annalibus
800 680 1134 713 Gradicensibus
1165 680 1255 713 Mss.
1287 682 1319 713 in
1342 682 1476 724 registr.
1506 691 1535 713 c.
1559 692 1586 714 r.
1611 681 1784 724 Gubernii3
1815 684 1848 714 et
1877 691 1920 714 ex
1946 682 2019 715 aliis

557 733 813 777 apographis
838 732 987 775 ejusdem
1012 734 1211 765 monasterii.

1004 911 1161 954 CCIV.

141 1016 379 1069 Greqorius
410 1030 524 1070 popa
547 1017 626 1057 IX.
660 1016 834 1057 mandat
865 1016 1188 1069 archiepiscopo
1219 1017 1473 1067 Moy-antino
1506 1017 1678 1069 eJ'usquc
1711 1016 2016 1069 suffiaqanez's,

138 1089 185 1126 ut
212 1088 513 1127 monasterium
548 1087 851 1127 Oslowcmense
891 1089 1038 1125 contra
1069 1086 1368 1138 malefactores
1411 1089 1615 1126 tueantur.
1681 1087 1753 1126 Dt.
1794 1087 2017 1135 Laterani,

776 1156 874 1196 VII.
911 1155 1016 1195 Idus
1049 1155 1188 1205 Jvmiz‘,
1230 1154 1382 1195 1230.

527 1234 544 1257 ζ
879 1227 897 1249 ,F

272 1248 534 1323 Gregorius
578 1269 804 1320 episcopus
846 1280 998 1307 seruus
1040 1279 1260 1307 seruorum
1301 1267 1381 1307 dei.
1445 1267 1775 1309 Uenerabilibus
1814 1265 2016 1307 fratribus

185 1367 195 1377 .
230 1339 553 1389 archiepiscopo
586 1339 915 1392 Maguntinensi
950 1342 991 1376 et
1024 1336 1314 1391 suffraganeis
1349 1337 1440 1376 eius
1482 1340 1524 1376 et
1557 1337 1721 1376 dilectis
1755 1334 1846 1376 filiis
1879 1337 2015 1377 abba-

136 1408 261 1448 tibus.
308 1408 532 1459 prioribus.
584 1408 824 1458 prepositis.
882 1407 1068 1446 decanis.
1118 1406 1447 1446 archidiaconis.
1509 1410 1551 1446 et
1599 1406 1691 1446 aliis
1742 1406 2015 1446 ecclesiarum

136 1477 312 1529 prelatis
337 1488 414 1528 per
437 1477 736 1531 Maguntinam
761 1477 1017 1528 prouinciam
1044 1477 1281 1515 constitutis
1305 1480 1532 1527 presentes
1561 1475 1723 1515 litteras
1747 1477 2014 1527 inspecturis.

137 1547 312 1586 salutem
346 1550 388 1586 et
421 1547 692 1597 apostolicam
726 1546 1073 1586 benedictionem.
1138 1546 1233 1585 Non
1267 1546 1429 1598 absque
1473 1545 1618 1585 dolore
1652 1545 1806 1585 cordis.
1847 1550 1888 1584 et
1922 1546 2014 1596 plu-

136 1616 238 1656 rima
288 1616 527 1656 turbatione
575 1616 805 1655 didicimus.
853 1615 962 1667 quod
1011 1617 1066 1654 ita
1115 1616 1156 1654 in
1205 1615 1420 1666 plerisque
1476 1614 1668 1666 partibus
1717 1614 2014 1654 ecclesiastica

136 1697 321 1725 censura
355 1685 609 1725 dissoluitur.
644 1689 687 1725 et
720 1686 925 1724 canonice
958 1686 1168 1724 sententie
1208 1685 1421 1724 seueritas
1455 1688 1697 1723 enei-natur.
1731 1688 1774 1723 ut
1806 1684 2015 1738 religiose

136 1766 320 1806 persone
353 1759 396 1795 et
429 1755 509 1794 hec
549 1755 726 1794 maxime
760 1766 841 1806 que
878 1765 954 1805 per
994 1754 1110 1793 sedis
1145 1754 1378 1804 apostolice
1412 1754 1640 1807 priuilegia
1681 1754 1826 1792 maiori
1859 1753 2013 1793 donate

136 1829 233 1864 sunt
266 1825 474 1864 libertate.
509 1825 665 1875 passim
705 1836 730 1863 a
763 1822 1103 1863 malefactoribus
1138 1823 1226 1862 suis
1264 1823 1438 1862 iniurias
1472 1823 1710 1862 sustineant
1753 1826 1795 1861 et
1827 1823 2012 1873 rapinas.

137 1894 230 1933 dum
265 1896 336 1934 uix
369 1895 581 1933 inuenitur
615 1894 682 1945 qui
724 1905 921 1948 congrua
956 1892 1034 1931 illis
1068 1893 1331 1943 protectione
1374 1892 1612 1931 subueniat.
1646 1895 1688 1930 et
1721 1903 1795 1942 pro
1831 1889 2012 1931 fouenda

136 1974 364 2014 pauperum
413 1964 655 2002 innocentia
702 1974 751 2002 se
798 1974 953 2002 murum
1002 1960 1263 2001 defensionis
1311 1965 1506 2012 opponat.
1572 1960 1828 2012 Specialiter
1874 1964 2011 2001 autem

137 2032 289 2071 dilecte
323 2033 362 2072 in
397 2032 555 2073 christo
590 2030 670 2071 filie
692 2062 700 2071 .
720 2062 729 2071 .
751 2032 968 2072 abbatissa
1003 2034 1044 2070 et
1076 2042 1250 2070 sorores
1283 2031 1526 2070 monasterii
1559 2031 1599 2069 in
1635 2030 1821 2070 Ozlauan
1856 2031 2011 2070 cister-

136 2102 294 2141 ciensis
328 2101 487 2141 ordinis
521 2101 814 2142 olomucensis
847 2101 1031 2140 diocesis
1065 2104 1144 2140 tam
1180 2100 1232 2139 de
1265 2098 1558 2151 frequentibus
1591 2100 1766 2139 iniuriis.
1802 2111 1923 2151 quam
1957 2100 2010 2139 de

135 2171 227 2222 ipso
262 2171 471 2210 cotidiano
512 2168 680 2210 defectu
713 2171 866 2210 iustitie
910 2174 1234 2221 conquerentes.
1276 2170 1592 2209 vniuersitatem
1634 2173 1818 2209 uestram
1860 2169 2009 2209 litteris

136 2241 345 2292 petierunt
386 2240 629 2290 apostolicis
678 2241 870 2279 excitari.
910 2244 954 2279 ut
1001 2241 1055 2279 ita
1096 2239 1294 2279 uidelicet
1341 2240 1404 2278 eis
1453 2239 1494 2278 in
1541 2238 1877 2278 tribulationibus
1919 2239 2008 2279 suis

136 2315 284 2349 contra
332 2307 627 2348 malefactores
669 2321 812 2348 earum
862 2313 1046 2360 prompta
1094 2309 1287 2347 debeatis
1327 2301 1672 2361 magnanimitate
1722 2318 2006 2362 consurgere.

137 2379 244 2430 quod
280 2378 333 2418 ab
368 2378 582 2432 angustiis
616 2390 720 2429 quas
754 2379 963 2418 sustinent
996 2382 1037 2418 et
1078 2377 1305 2429 pressuris.
1339 2380 1484 2416 uestro
1518 2378 1681 2428 possint
1713 2376 1897 2427 presidio
1933 2387 2005 2415 re-

136 2449 314 2499 spirare.
364 2447 551 2498 Ideoque
585 2447 850 2487 vniuersitati
875 2451 1034 2487 uestre.
1061 2459 1136 2498 per
1161 2446 1390 2497 apostolica
1424 2445 1847 2497 scriptamandamus
1880 2449 2005 2497 atque

135 2518 400 2569 precipimus
444 2517 639 2570 quatinus
681 2517 773 2557 illos
807 2518 874 2569 qui
908 2518 1206 2569 possessiones
1240 2516 1307 2555 uel
1343 2527 1413 2555 res
1447 2527 1525 2556 seu
1565 2515 1709 2555 domos
1753 2526 1893 2554 earum
1935 2514 2003 2554 uel
