2212 2876
958 262 1223 307 CCLXXV.

152 358 365 413 premysl,
404 359 596 400 marchio
634 359 872 406 Mor-aviae,
912 358 1113 411 filiberte,
1146 358 1405 411 but-‚qqrario
1437 357 1489 399 de
1520 357 1760 405 ΕἱοΙιΙιονη,
1791 363 2019 412 proventus

212 431 341 470 villae
371 425 530 472 Lai-cm
557 441 651 468 cum
673 441 754 468 usu
775 428 1137 482 serrifodz'narum
1167 428 1306 468 donat.
1340 429 1412 468 Dc.
1444 429 1489 468 in
1525 427 1774 480 Τὶὲηοτυὶσθ,
1808 429 1959 470 1236.

283 523 344 585 In
378 542 541 581 nomine
574 540 738 580 domini.
770 540 920 580 Amen.
973 541 1074 594 Ego
1107 540 1288 580 Premizl
1321 540 1388 580 dei
1422 540 1576 594 gracia
1607 540 1791 581 marchio
1824 541 2022 582 Morauie

153 611 341 652 omnibus
388 614 470 650 tam
509 609 780 661 presentibus
833 620 952 661 quam
991 607 1140 648 futuris
1188 610 1229 648 in
1270 613 1525 660 perpetuum.
1590 608 1792 658 Quoniam
1831 616 2022 665 cogente

154 684 284 720 morte
318 691 459 735 regna
485 682 693 719 mutantur
719 682 761 718 et
788 679 1073 731 posteritates,
1106 679 1198 717 iura
1222 679 1344 718 etiam
1371 682 1413 718 et
1435 678 1737 718 sollicitudines
1762 680 1803 719 in
1827 679 2023 719 diuersas

152 747 504 789 transformantur
526 759 750 801 personas7
783 759 837 787 ne
863 748 916 787 de
949 752 1266 787 antecessorum
1299 746 1411 787 sacto
1436 748 1544 799 apud
1571 754 1765 799 posteros
1799 748 2022 800 dubitetur7

153 829 337 857 necesse
370 821 450 872 est,
482 821 527 857 ut
560 817 662 868 ipsis
695 818 878 868 posteris
911 815 1030 856 fidem
1064 814 1219 855 saciant
1245 817 1492 868 scriptorum
1526 815 1701 856 fidelium
1735 819 2022 857 auctoritates.

154 885 365 935 Quocirca
389 887 547 937 scripto
572 886 761 937 presenti
786 885 973 925 omnibus
998 885 1267 924 innotescere
1301 887 1501 939 cupimus7
1530 885 1638 936 quod
1670 887 1873 938 inspectis
1899 887 2022 927 inde-

153 953 282 995 fessis
324 960 366 994 et
398 953 589 994 fidelibus
631 955 827 994 seruiciis
861 954 1001 993 dilecti
1042 955 1174 993 nostri
1208 954 1358 993 nobilis
1398 954 1571 995 Stiborii
1614 955 1851 1006 purchrauii
1891 958 2024 998 nostri

153 1024 206 1064 de
238 1024 482 1078 Aychorns‚
523 1023 674 1075 quibus
706 1034 755 1062 se
788 1023 910 1063 nobis
943 1024 1210 1063 incessanter
1252 1021 1410 1062 fidelem
1444 1027 1698 1077 gratumque
1732 1024 1936 1079 exhibuit,
1970 1025 2023 1065 de

153 1094 292 1133 innato
325 1092 604 1146 benignitatis
630 1096 776 1131 nostre
802 1096 845 1131 et
871 1091 1143 1146 gratitudinis
1168 1092 1343 1145 stimulo7
1370 1093 1447 1143 ipsi
1477 1094 1653 1144 eiusque
1681 1094 2021 1146 successoribus7

153 1162 351 1201 videlicet
382 1161 648 1212 purchrauiis
682 1161 839 1200 nostris
880 1160 933 1200 de
965 1161 1131 1214 ibidem7
1165 1173 1307 1200 omnes
1351 1165 1580 1212 prouentus
1614 1165 1656 1201 et
1689 1163 1890 1202 vtilitates
1922 1163 2023 1203 ville

152 1231 346 1281 lanzone,
380 1241 460 1282 que
486 1229 538 1269 ad
562 1233 743 1270 castrum
767 1233 951 1269 nostrum
977 1229 1207 1280 Aychorns
1234 1234 1430 1281 spectare
1457 1231 1700 1286 dinoscitur,
1726 1243 1816 1271 cum
1849 1233 2022 1287 integro

151 1303 195 1340 et
232 1299 355 1351 pleno
394 1311 474 1339 usu
522 1303 565 1340 et
603 1302 755 1353 questu
794 1296 1129 1339 serrifodinarum
1178 1299 1328 1339 ibidem
1368 1301 1613 1341 contulimus
1652 1302 1940 1352 inperpetuum
1982 1303 2022 1342 in

146 1379 255 1408 vsus
288 1379 390 1407 suos
422 1366 651 1406 secundum
684 1379 801 1406 suum
835 1367 944 1407 velle
979 1372 1021 1408 et
1053 1380 1181 1419 posse
1215 1369 1538 1409 conuertendos.
1602 1371 1658 1410 Et
1689 1370 1844 1411 utlhec
1878 1375 2023 1412 nostre

150 1436 424 1491 gratitudinis
466 1436 638 1491 largitio
672 1441 764 1476 rata
806 1440 848 1476 et
880 1437 1137 1476 inconcussa
1179 1442 1444 1491 perseueret7
1477 1443 1703 1490 presentes
1736 1440 1947 1480 conscribi
1981 1446 2024 1481 et

151 1506 284 1560 sigilli
320 1507 451 1545 nostri
484 1505 711 1546 karactere
745 1506 982 1546 communiri
1016 1504 1203 1546 fecimus.
1259 1508 1408 1546 Actum
1442 1512 1484 1547 et
1516 1508 1653 1548 datum
1686 1510 1726 1548 in
1760 1509 2022 1549 'Phusnowic

151 1587 262 1614 anno
296 1575 450 1628 gracie
477 1573 820 1615 MCCXXXVI.
855 1579 1058 1626 presente
1091 1579 1133 1615 et
1166 1582 1378 1615 annuente
1410 1580 1541 1617 matre
1576 1581 1720 1618 nostra
1753 1578 2023 1620 dilectissima

152 1643 314 1683 domina
363 1642 637 1697 Constancia,
685 1643 834 1683 illustri
881 1644 1085 1696 quondam
1136 1645 1294 1699 regina
1342 1646 1528 1685 Boemie.
1592 1646 1751 1686 Testes
1800 1650 1897 1687 sunt
1941 1647 2021 1687 hii:

151 1712 395 1752 Ratiborius
440 1712 492 1752 de
534 1712 702 1752 Deblin.
743 1713 910 1753 Janecz
950 1711 1055 1753 filius
1099 1714 1203 1753 eius.
1244 1714 1481 1754 Pribizlaus
1522 1715 1575 1754 de
1614 1716 1876 1756 Malomeriz.
1916 1716 2022 1758 Ste-

151 1781 314 1832 phanus
343 1793 433 1821 cum
454 1779 583 1821 fratre
609 1782 794 1833 Voyteh.
815 1782 1033 1822 Hartlibus
1059 1782 1110 1822 de
1127 1783 1317 1822 Luchca.
1346 1784 1520 1823 Vsebor
1545 1784 1596 1824 de
1622 1785 1786 1836 Rayec.
1803 1786 2021 1837 Lupoldus

153 1848 257 1890 filius
276 1850 510 1890 usillialmi.
530 1850 676 1890 'Pazzo
694 1849 799 1890 filius
817 1852 1023 1892 anethe.
1041 1853 1069 1892 J
1076 1851 1181 1891 vrik.
1203 1852 1363 1892 Lubos.
1385 1853 1554 1893 Petrus.
1580 1857 1623 1893 et
1642 1854 1709 1894 alii
1729 1866 1848 1906 quam
1864 1855 2021 1906 plures.

463 1949 516 1982 Ex
541 1950 738 1992 originali
762 1951 793 1983 in
817 1951 1017 1983 cancellaria
1040 1950 1170 1983 dominii
1200 1951 1600 1985 Tischnowicensis.

945 2127 1231 2170 CCLXXVI.

154 2219 394 2273 (som-aolus,
419 2219 548 2261 abbas
579 2221 912 2276 Akuburyensis,
945 2224 1091 2263 vineas
1117 2224 1161 2263 in
1192 2223 1365 2264 Wz'dnik
1395 2227 1650 2267 monasterio
1697 2226 2021 2267 Welehrademi

908 2291 1056 2332 vendit.
1108 2292 1261 2333 1236.

281 2379 457 2443 Notum
488 2402 543 2441 sit
574 2402 761 2442 omnibus
793 2406 875 2443 tam
907 2403 1177 2455 presentibus
1211 2415 1331 2457 quam
1363 2403 1511 2447 futuris
1544 2411 1783 2459 presentem
1817 2408 2015 2463 paginam

151 2469 421 2523 inspecturis7
462 2470 574 2522 quod
612 2483 705 2525 nos⁷
747 2472 946 2512 videlicet
985 2483 1073 2528 ego
1116 2473 1358 2515 chunradus
1396 2477 1638 2527 prepositus
1680 2481 1721 2517 et
1759 2481 1869 2517 totus
1910 2489 2015 2517 con-

151 2542 302 2578 uentus
336 2539 522 2580 ecclesie
560 2539 919 2596 Niumburgensis
960 2542 1140 2582 unanimi
1173 2554 1385 2584 consensu
1427 2545 1687 2587 vendidimus
1727 2546 1831 2587 duas
1863 2548 2016 2587 vineas

1588 2615 1658 2655 40
1671 2613 1704 2645 ξε
