2212 2876
182 252 314 288 tatem
346 246 533 287 habeant
573 258 677 298 quas
711 245 838 284 tacito
879 245 1043 299 nomine
1084 241 1389 302 Cisterciensis
1432 243 1590 283 ordinis
1631 248 1675 285 et
1714 248 1861 286 contra
1902 246 2061 287 indulta

188 317 506 368 apostolicorum
548 315 865 368 priuilegiorum
904 314 1140 353 constiterit
1179 313 1406 364 impetrari.
1470 313 1679 353 Preterea
1717 326 1808 354 cum
1848 326 2061 355 commune

186 391 302 425 terre
343 385 604 425 interdictum
649 381 787 422 suerit.
828 382 956 422 liceat
1001 383 1122 422 uobis
1162 382 1451 421 nichilominus
1498 383 1539 421 in
1587 386 1733 422 uestro
1781 383 2061 424 Monasterio.

188 454 377 495 exclusis
410 453 777 494 excommunicatis
811 455 854 491 et
886 451 1132 491 interdictis.
1167 451 1308 509 diuina
1351 449 1485 491 officia
1518 451 1755 491 celebrare.
1817 453 1922 492 Paci
1954 464 2060 506 quo-

188 534 269 576 que
317 527 359 563 et
405 522 691 574 tranquillitati
737 524 883 560 uestre
930 523 1108 572 paterna
1158 520 1199 559 in
1248 522 1458 571 posterum
1506 519 1786 560 sollicitudine
1834 522 2061 573 prouidere

186 593 380 632 uolentes
413 592 665 631 auctoritate
698 590 930 642 apostolica
971 590 1253 641 prohibemus.
1285 592 1330 628 ut
1360 587 1470 629 infra
1508 589 1730 629 clausuras
1769 590 1951 631 locorum
1984 603 2063 631 seu

185 661 472 716 grangiarum
505 663 754 699 uestrarum.
781 659 918 698 nullus
951 659 1138 710 rapinam
1164 670 1242 698 seu
1275 656 1423 698 furtum
1457 656 1618 698 facere.
1651 660 1797 713 ignem
1830 671 2060 711 apponere.

185 731 440 785 sanguinem
471 727 663 769 sundere.
705 728 909 768 hominem
941 731 1101 767 temere
1140 738 1298 779 capere
1330 727 1399 768 uel
1440 726 1679 767 interlicere
1712 739 1790 767 seu
1822 729 2061 769 uiolentiam

185 799 342 840 audeat
373 809 598 838 exercere.
660 798 869 838 Preterea
904 809 1046 836 omnes
1079 797 1299 836 libertates
1333 799 1375 836 et
1406 797 1682 837 immunitates
1714 809 1740 836 a
1766 797 2061 848 predecesso-

184 869 302 908 ribus
335 869 491 908 nostris
524 867 725 907 Romanis
758 865 1030 906 Pontificibus
1063 865 1196 905 ordini
1229 869 1373 906 uestro
1416 876 1665 906 concessas.
1698 877 1778 905 nec
1812 878 1895 906 non
1927 867 2060 907 liber-

184 942 295 978 tates
330 941 372 977 et
406 937 698 988 exemptiones
732 936 985 975 secularium
1018 935 1284 975 exactionum
1324 947 1349 974 a
1381 935 1583 990 Regibus
1617 938 1659 974 et
1691 935 1960 987 Principibus
1992 937 2061 976 uel

185 1007 279 1047 aliis
314 1005 505 1046 fidelibus
533 1006 839 1045 rationabiliter
870 1005 992 1044 uobis
1019 1004 1215 1044 indultas.
1240 1004 1493 1044 auctoritate
1515 1004 1747 1055 apostoIIca
1774 1003 2060 1045 confirmamus

183 1081 225 1117 et
259 1077 472 1128 presentis
506 1075 650 1126 scripti
685 1074 912 1128 priuilegio
946 1074 1251 1113 communimus.
1307 1073 1587 1113 Decernimus
1620 1084 1731 1128 ergo
1763 1077 1808 1113 ut
1840 1074 1939 1114 nulli
1971 1086 2060 1114 om-

184 1146 282 1186 nino
322 1145 525 1184 hominum
573 1145 700 1183 liceat
741 1142 946 1194 prefatum
994 1143 1300 1182 Monasterium
1338 1145 1498 1182 temere
1548 1143 1815 1194 perturbare.
1857 1147 1928 1182 aut
1967 1144 2060 1182 eius

185 1215 486 1266 possessiones
521 1211 691 1252 auferre
724 1213 792 1252 uel
824 1213 990 1252 ablatas
1023 1213 1224 1252 retinere.
1248 1212 1437 1251 minuere
1469 1223 1546 1251 seu
1575 1212 1828 1264 quibuslibet
1859 1213 2059 1251 uexatio-

186 1284 309 1324 nibus
341 1282 542 1337 satigare.
576 1282 653 1322 sed
688 1282 822 1322 omnia
854 1282 1030 1336 integra
1057 1284 1366 1320 conseruentur
1399 1292 1542 1321 earum
1575 1292 1651 1332 pro
1686 1292 1856 1332 quarum
1891 1281 2059 1335 guber-

184 1354 355 1392 natione
388 1364 438 1392 ac
472 1352 809 1392 substentatione
836 1362 1046 1390 concessa
1078 1353 1188 1390 sunt.
1219 1350 1366 1389 usibus
1401 1349 1641 1389 omnimodis
1673 1348 1904 1401 profutura.
1938 1350 2059 1389 salua

186 1422 303 1462 sedis
337 1422 570 1473 apostolice
603 1421 866 1460 auctoritate.
912 1420 960 1462 Si
994 1431 1075 1472 qua
1108 1420 1242 1474 igitur
1274 1419 1315 1458 in
1346 1417 1524 1458 futurum
1558 1419 1855 1459 ecclesiastica
1887 1419 2058 1458 secula-

183 1492 299 1531 risue
331 1502 517 1542 persona
541 1491 650 1532 hanc
684 1494 829 1530 nostre
853 1490 1159 1529 constitutionis
1193 1489 1395 1543 paginam
1419 1489 1562 1546 sciens
1595 1492 1743 1528 contra
1777 1499 1866 1527 eam
1899 1491 2058 1528 temere

182 1562 331 1601 uenire
363 1561 642 1611 temptauerit.
675 1560 862 1599 secundo
905 1560 1086 1599 tertioue
1119 1558 1364 1598 commonita
1397 1558 1477 1596 nisi
1519 1561 1679 1597 reatum
1711 1569 1830 1597 suum
1862 1567 2059 1611 congrua

186 1628 477 1670 satisfactione
511 1630 763 1669 correxerit.
799 1629 1020 1680 potestatis
1054 1627 1311 1679 honorisque
1344 1628 1409 1666 sui
1442 1630 1590 1667 careat
1615 1627 1825 1681 dignitate
1858 1637 2058 1678 reamque

148 1725 159 1733 „
182 1711 234 1740 se
268 1700 407 1739 diuino
433 1698 585 1738 iudicio
625 1699 829 1739 existere.
864 1698 915 1737 de
950 1700 1193 1749 perpetrata
1227 1697 1442 1748 iniquitate
1485 1699 1737 1750 cognoscat.
1772 1699 1813 1734 et
1847 1707 1872 1734 a
1905 1706 2058 1734 sacra-

186 1769 345 1810 tissimo
380 1779 560 1820 corpore
594 1770 636 1807 et
667 1767 883 1822 sanguine
916 1767 1000 1806 Dei
1033 1769 1076 1805 et
1108 1766 1257 1806 domini
1281 1765 1559 1816 redemptoris
1591 1765 1726 1804 nostri
1757 1765 1863 1804 Jesu
1898 1762 2059 1805 Christi

185 1839 324 1878 aliena
357 1836 427 1878 fiat
467 1841 593 1890 atque
635 1838 678 1877 in
710 1841 897 1877 extremo
939 1836 1132 1876 examine
1166 1835 1356 1874 distrIcte
1398 1834 1620 1874 subiaceat
1657 1833 1815 1873 ultioni.
1880 1830 2058 1874 Cunctis

186 1912 324 1946 autem
358 1907 491 1946 eidem
526 1907 620 1946 loco
654 1918 730 1946 sua
764 1907 853 1945 iura
887 1905 1171 1944 sei-nantibus.
1204 1905 1258 1943 sit
1290 1915 1376 1955 pax
1409 1903 1559 1943 domini
1592 1903 1723 1942 nostri
1755 1903 1865 1942 Jesu
1898 1900 2058 1942 Christi

187 1977 383 2028 quatinus
418 1979 460 2016 et
484 1976 551 2017 hic
584 1974 758 2016 fructum
785 1975 894 2014 hone
927 1974 1106 2014 actionis
1132 1973 1379 2024 percipiant„
1414 1975 1457 2011 et
1481 1972 1590 2023 apud
1624 1971 1854 2011 districtum
1880 1970 2057 2010 iudicem

187 2046 342 2096 premia
375 2050 522 2085 eterne
556 2046 673 2097 pacis
708 2045 934 2084 inueniant.
968 2044 1116 2084 Amen.
1143 2046 1268 2094 atque
1291 2042 1440 2082 Amen.
1490 2041 1593 2095 Ego
1628 2039 1873 2095 Gregorius
1905 2039 2057 2079 catho-

185 2115 267 2153 lice
301 2115 486 2154 ecclesie
520 2115 758 2165 episcopus.
791 2114 893 2167 Ego
932 2113 1117 2152 Thomas
1150 2112 1253 2151 tituli
1286 2114 1435 2151 sancte
1477 2110 1640 2151 Sabine
1680 2109 1909 2162 presbyter
1943 2106 2055 2149 Car-

187 2183 351 2223 dinalis.
392 2184 494 2238 Ego
518 2183 743 2223 johannes
776 2183 981 2223 sabinen.
1006 2182 1245 2232 episcopus.
1281 2181 1381 2234 Ego
1417 2180 1601 2234 Egidius
1629 2183 1868 2219 sanctorum
1902 2175 2056 2218 cosme

186 2259 228 2293 et
260 2253 454 2305 Damiani
488 2253 692 2292 diaconus
734 2250 986 2291 cardinalis.
1029 2251 1131 2304 Ego
1175 2247 1403 2290 Gnisrcdus
1437 2249 1540 2288 tituli
1581 2249 1718 2288 sancti
1757 2247 1897 2288 Marci
1932 2258 2056 2298 pres-

187 2322 309 2373 bytor
343 2319 597 2362 CardinaliS.
641 2322 740 2375 Ego
774 2321 965 2359 Jacobus
998 2310 1268 2358 Tusculanus
1309 2319 1547 2369 episcopus.
1592 2318 1691 2371 lssgo
1732 2317 1886 2356 Petrus
1921 2315 2055 2354 sancti

187 2391 371 2445 Georgii
405 2390 455 2430 ad
490 2390 624 2429 uelum
658 2401 828 2429 aureum
862 2390 1065 2429 diaconus
1094 2387 1349 2429 Cardinalis.
1385 2388 1484 2441 Ego
1517 2386 1762 2428 Sinibaldus
1796 2385 1897 2425 tituli
1920 2385 2055 2423 sancti

188 2460 404 2499 [inurentii
430 2460 469 2498 in
497 2459 659 2499 Lucina
687 2459 913 2510 presbyter
942 2456 1197 2498 (fardinalis.
1224 2457 1324 2511 Ego
1354 2457 1586 2497 Rainaldus
1610 2455 1822 2496 Ostiensis
1846 2458 1887 2493 et
1904 2453 2055 2492 Velle-

187 2530 343 2568 1rensis
384 2529 623 2580 episcopus.
687 2527 840 2567 Datum
884 2527 1051 2566 Perusii
1100 2537 1176 2577 per
1219 2538 1377 2565 manum
1418 2526 1610 2578 magistri
1657 2523 1861 2564 Guillelmi
1904 2525 2053 2562 sancto
