2212 2876
176 253 416 295 sacrificata
448 255 489 294 in
514 253 742 306 presencia
773 252 986 293 multorum
1012 252 1296 293 Honestorum
1328 253 1525 293 virorum.
1555 264 1725 305 quorum
1759 255 1921 294 nomina
1953 260 2050 295 sunt
2103 295 2107 298 .

177 325 431 375 subscripta.
465 323 763 363 inuiolabiliter
791 326 1057 373 perseueret.
1082 323 1313 362 statuimus.
1338 325 1578 374 presentem
1604 324 1805 378 paginam
1838 325 2048 375 prenomi-

176 397 272 434 nato
306 394 411 433 dare
443 392 711 433 Monasterio
744 392 879 431 nostri
913 392 1045 446 sigilli
1078 393 1296 432 munimine
1336 390 1632 432 confirmatam.
1695 393 1807 433 Acta
1839 398 1936 434 sunt
1966 394 2047 435 hec

175 475 284 503 anno
318 463 473 517 gracie
504 459 760 502 BLCCXL.
793 460 1027 501 Indictione
1059 461 1181 501 XIII.
1213 461 1496 501 Presentibus
1528 461 1633 501 viris
1666 462 1874 502 nobilibus
1907 466 1950 503 et
1982 464 2047 503 di-

172 533 340 572 scretis.
367 543 538 584 quorum
564 531 729 570 nomina
752 533 849 570 sunt
873 529 967 569 hec.
1008 529 1179 570 Wricns
1204 530 1298 570 dua:
1324 530 1567 571 Karz'utlde.
1590 531 1884 571 Theodericus
1912 532 2046 573 abbas

172 602 224 640 de
257 601 557 652 Zabyrdowic.
598 600 842 652 Heynricus
875 600 1117 651 prepositus
1155 600 1433 640 Kvnicensis,
1475 600 1679 640 Albertus
1719 602 1959 653 prepositus
1993 602 2045 641 de

168 670 435 710 Dubraunik.
468 669 700 720 Nycolaus.
735 669 986 709 Zacharias.
1020 668 1278 709 waltherus
1311 667 1467 709 fratres
1497 669 1803 721 predicatores.
1838 669 2045 710 Crisanus

170 739 403 791 Philippus.
438 739 490 778 de
525 738 759 790 Opatowic.
792 739 1034 778 Jeronimus
1068 738 1273 790 plebanus
1318 739 1371 778 de
1401 738 1683 778 Pribislawic.
1723 739 1916 778 Jacobus
1951 740 2044 791 ple-

168 809 303 849 banus
329 808 381 848 de
408 808 619 848 Hodonin.
652 808 868 859 Predvoy.
893 808 1098 859 plebanus
1124 808 1177 848 de
1205 806 1433 849 Caslawic.
1467 808 1621 848 Petrus
1647 809 1837 847 notarius
1868 808 2044 849 Domine

166 878 356 932 Regine.
389 878 634 917 Ratiborius
668 877 720 916 de
753 877 923 916 Deblin.
956 877 1192 917 Pribislaus
1226 877 1279 917 de
1313 877 1471 918 Obran.
1513 877 1645 917 Milic.
1679 888 1770 917 cum
1802 875 1933 917 fratre
1965 890 2042 918 suo

167 947 295 987 Ydik.
337 945 594 988 Chastolous
644 947 696 986 de
738 943 971 987 Ceblowic.
1012 944 1131 998 Cyrh
1179 944 1312 986 frater
1362 948 1466 986 eius.
1514 934 1652 987 Jurik.
1700 947 1848 987 nosek.
1898 948 2042 987 Bocko

166 1016 449 1068 Znoymensis
476 1016 751 1056 castellanus.
784 1014 931 1055 Gallus
959 1014 1064 1054 lilius
1087 1015 1352 1067 Marquardi.
1385 1016 1547 1056 Milota.
1572 1017 1679 1055 ssun.
1711 1016 1881 1067 Nynek.
1909 1017 2042 1056 Pelei.

164 1086 348 1126 Vlahen.
382 1089 425 1126 et
456 1086 525 1126 alii
559 1096 680 1138 quam
712 1085 869 1136 plures.
922 1085 1075 1124 Datum
1114 1085 1157 1124 in
1190 1085 1462 1125 Tusnowice.
1495 1085 1596 1124 VII.
1628 1085 1742 1124 Idus·
1774 1086 2040 1126 Decembris.

474 1185 530 1218 Ex
554 1184 748 1227 originali
773 1185 804 1216 in
828 1185 964 1217 archivo
990 1183 1138 1226 ejusdem
1162 1186 1370 1228 monasterii3
1394 1186 1479 1227 sign.
1504 1186 1544 1218 B.
1574 1184 1605 1218 1.

963 1360 1230 1404 CCCXXX.

169 1458 457 1510 IVencesIau-s,
498 1470 584 1497 rem
617 1458 834 1509 Boemiae,
876 1458 921 1497 in
952 1459 1199 1498 memoriam
1235 1461 1406 1509 gyratam
1440 1457 1713 1499 Constantine
1753 1459 1903 1498 matris
1935 1470 2039 1498 suae

159 1529 461 1567 monasterium
506 1522 822 1567 Tisinowicense
854 1528 898 1566 in
931 1539 1053 1567 suam
1092 1529 1393 1580 protectionem
1425 1528 1615 1580 suscipit,
1657 1528 1829 1580 ejusque
1859 1538 2036 1579 posses-

243 1598 384 1636 siones
417 1596 648 1649 confirmat.
714 1597 786 1636 DI.
821 1596 937 1648 apud
969 1597 1178 1649 ermam,
1220 1597 1318 1638 VII.
1349 1596 1458 1636 Idus
1491 1595 1757 1649 Decembris,
1798 1595 1952 1636 1240.

290 1690 351 1751 In
376 1709 540 1749 nomine
564 1709 697 1761 patriS
721 1711 763 1749 et
787 1707 854 1748 filii
883 1712 925 1749 et
950 1709 1120 1761 spiritus
1144 1710 1296 1749 sancti.
1328 1709 1479 1749 Amen.
1527 1708 1828 1749 Wencezlaus
1862 1711 2036 1761 quartus

160 1778 261 1818 Rex
310 1779 499 1832 Boemie7
546 1779 803 1818 monasterio
852 1778 1047 1833 gloriose
1096 1778 1164 1818 dei
1217 1780 1445 1834 genitrIcis
1494 1782 1538 1818 et
1579 1779 1763 1833 uirginis
1802 1777 1944 1818 Marie
1993 1778 2035 1817 in

163 1848 427 1900 wusnowice,
470 1847 584 1899 quod
615 1848 749 1887 eciam
779 1851 903 1900 porta
937 1848 1019 1888 celi
1060 1848 1224 1903 dicitur,
1257 1849 1559 1900 inperpetuum.
1625 1846 1828 1896 Quoniam
1866 1846 2034 1886 miseri-

158 1917 304 1956 cordia
338 1917 551 1968 plenitudo
585 1918 781 1957 virtutum
808 1920 887 1969 est,
921 1920 964 1956 et
997 1918 1186 1957 omnibus
1220 1919 1436 1969 proposita
1463 1915 1656 1969 perfecte
1688 1915 1821 1956 forma
1853 1916 2034 1970 uirtutis,

161 1986 213 2025 ab
247 1987 340 2038 Ipsa
374 1986 510 2025 nullus
544 1986 766 2039 excipitur,
799 1986 876 2025 sed
912 1987 953 2025 in
989 1987 1120 2037 ipsius
1154 1987 1291 2027 studio
1331 1998 1468 2042 reges
1502 1998 1554 2026 ac
1588 1986 1804 2037 principes
1836 1988 2035 2025 tenentur

159 2056 306 2106 pocius
333 2056 544 2108 exerceri,
570 2057 639 2107 qui
663 2067 752 2095 cum
777 2055 951 2096 Martha
975 2057 1062 2095 vite
1088 2057 1228 2097 actiue
1261 2055 1436 2097 officium
1461 2056 1730 2095 laudabiliter
1754 2056 2033 2106 exequentes7

157 2124 262 2163 locis
295 2135 347 2163 ac
380 2126 575 2175 personis
609 2125 843 2179 religiosis,
876 2126 980 2165 uiris
1021 2127 1115 2165 siue
1147 2124 1311 2166 feminis
1344 2125 1594 2165 sedentibus
1627 2124 1680 2164 ad
1713 2124 1848 2176 pedes
1883 2122 2033 2162 domini

160 2204 249 2232 cum
283 2194 438 2247 Maria,
481 2206 557 2244 pro
589 2195 874 2246 temporalium
919 2193 1122 2234 beneficio
1157 2195 1314 2234 debent
1345 2193 1674 2234 misericorditer
1713 2193 1957 2245 subuenire7
1990 2195 2034 2231 ut

159 2266 318 2314 sumpto
351 2262 405 2303 ab
438 2264 541 2314 ipsis
574 2264 731 2314 psalmo
766 2267 807 2303 et
839 2276 865 2303 a
897 2264 1018 2303 nobis
1051 2266 1233 2315 timpano
1266 2268 1348 2303 tam
1381 2263 1684 2316 spiritualibus⁷
1717 2273 1837 2314 quam
1870 2264 2033 2312 tempo-

160 2332 317 2371 ralibus
358 2331 574 2372 beneficiis
614 2333 855 2373 alterutrum
901 2334 1185 2387 subleuemus3
1228 2333 1485 2384 celestisque
1537 2331 1835 2371 consolationis
1875 2330 2033 2381 premia

160 2406 202 2441 et
235 2401 464 2441 diuinorum
501 2413 712 2441 munerum
753 2404 967 2442 consortia
1008 2401 1255 2441 fiducialiter
1294 2405 1554 2453 appetamus.
1619 2400 1848 2440 Vniuersis
1890 2400 2032 2450 itaque

161 2471 342 2521 posteris
385 2482 436 2509 ac
470 2471 656 2510 moderni
691 2472 836 2522 scripti
879 2472 1001 2511 huius
1035 2472 1196 2522 copiam
1237 2471 1442 2510 habituris
1476 2471 1730 2521 presentium
1771 2468 2031 2508 exhibitione

161 2539 388 2594 clarescat,
423 2540 532 2591 quod
560 2540 723 2579 domina
748 2544 790 2580 et
813 2544 944 2580 matre
971 2544 1132 2595 nostra„
1158 2541 1275 2580 clare
1297 2541 1497 2580 memorie
1527 2539 1787 2588 Constantia,
1820 2536 2031 2589 quondam
