2212 2876
1067 76 1166 117 199

171 219 474 273 pernoctando.
513 220 585 259 uel
624 219 822 262 intrando
862 218 996 259 eidem
1035 219 1278 259 eoestiterint
1314 218 1525 258 iniuriosi.
1558 217 1741 258 bannum
1780 222 1971 259 nostrum
2001 220 2048 260 in

155 288 318 344 ¹decem
356 290 515 328 marcis
555 291 815 341 componant.
862 291 902 328 et
937 288 1070 328 eidem
1108 287 1364 328 monasterio
1403 282 1608 339 dampna*
1632 287 1751 327 illata
1789 288 1835 326 in
1873 287 2048 340 duplum

173 359 404 397 restituant.
466 357 712 398 Adiecimus
751 359 873 397 etiam
904 360 951 397 ut
986 357 1175 396 homines
1205 356 1364 408 prefati
1404 354 1565 395 cenobii
1591 368 1671 408 per
1710 356 1870 396 telonea
1903 359 2046 396 trans-

174 428 328 466 euntes.
361 428 406 466 in
437 426 561 466 rebus
594 439 672 478 que
703 429 892 478 spectant
921 426 979 466 ad
1009 438 1115 478 opus
1147 426 1218 465 uel
1247 437 1352 464 usus
1385 425 1572 464 ecclesie.
1606 424 1665 464 ad
1694 437 1788 464 eam
1819 426 2045 465 in'neces-

172 494 363 534 sitatibus
397 496 487 535 eius
529 495 772 548 deferendis
803 496 874 535 uel
911 493 1249 535 transducendis.
1282 495 1367 533 sint
1403 507 1429 533 a
1456 494 1655 546 pedayiis
1695 497 1734 533 et
1764 494 1936 534 teloneis
1969 494 2046 534 ab-

174 564 312 603 soluti.
345 566 610 604 Mercatores
641 576 742 603 vero
775 565 943 604 soluant
973 564 1085 616 quod
1115 565 1183 603 sui
1214 565 1322 603 iuris
1364 566 1435 602 est.
1499 564 1643 603 Huius
1676 566 1812 603 autem
1844 563 2046 604 libertatis

174 645 201 672 a
232 632 353 671 nobis
378 644 577 672 concesse
599 636 638 672 el
659 633 796 685 reqali
818 633 1112 685 munificencia
1141 632 1291 672 donate
1311 632 1478 685 prefate
1502 632 1651 671 domus
1675 631 1852 672 heredes
1877 636 2046 672 nostros

174 703 214 740 et
238 713 510 741 successores
543 705 697 741 tutores
723 703 1012 741 constituimus
1045 705 1085 740 et
1106 701 1366 754 defensores.
1399 704 1438 740 et
1462 702 1667 753 precipue
1687 702 1824 754 silium
1855 704 2046 741 nostrum

174 770 242 810 W
246 771 488 810 encezlaum
513 772 554 810 in
582 781 733 825 regem
767 775 1074 810 consecratum.
1100 774 1142 810 et
1174 769 1345 810 fratrem
1370 771 1462 809 eius
1486 770 1679 809 Bremizl.
1707 768 1827 809 filium
1861 774 2045 810 nostrum

172 839 465 880 Marchionem
505 840 715 880 Morauie.
780 841 876 879 Hoc
915 841 1175 878 sanct-tentes
1221 841 1267 878 ut
1303 839 1428 878 leuius
1468 839 1689 890 priuileyii
1732 840 1962 879 uiolatores
2001 841 2047 879 in

174 921 387 948 cameram
418 912 607 949 nostram
654 912 693 948 el
731 920 1026 947 suceessorum
1064 911 1306 947 nostrorum
1355 908 1410 947 X.
1449 919 1620 946 marcas
1660 909 1758 946 auri
1797 912 2045 960 conponant.

172 976 357 1029 Insuper
396 979 644 1029 roqauimus
686 977 968 1017 uenerabilem
1014 979 1176 1029 patrem
1214 980 1402 1016 nostrum
1453 976 1684 1018 Roberlum
1726 977 2047 1017 Olomueensem

173 1047 416 1099 episcopum
463 1048 729 1099 inpreseneia
774 1047 856 1099 filii
900 1048 1036 1086 nostri
1080 1047 1277 1086 Bremizl
1322 1045 1592 1086 Marchionis
1640 1048 1843 1085 morauie.
1882 1058 2046 1086 necnon

172 1113 376 1154 baronum
414 1119 657 1155 nostrorum
695 1119 743 1155 ut
772 1128 914 1155 omnes
954 1117 1025 1167 qui
1052 1117 1214 1168 prefati
1251 1116 1497 1154 monasterii
1536 1115 1744 1154 violarent
1784 1116 2045 1155 emunitatem

171 1186 212 1223 et
240 1183 478 1224 libertatem.
512 1185 646 1225 eidem
677 1188 824 1224 nostra
855 1186 976 1235 reaia
1008 1185 1302 1239 munificencia
1327 1185 1522 1224 collatam
1554 1185 1631 1236 qui.
1657 1185 1780 1223 etiam
1813 1188 1909 1223 tunc
1942 1186 2045 1224 tem-

168 1254 290 1306 poris
323 1255 543 1294 ecclesiane
572 1254 747 1294 eandem
780 1256 1056 1294 consecrauit.
1082 1254 1151 1293 cui
1181 1249 1496 1293 consecrationi
1516 1262 1727 1293 noszcum
1751 1253 1908 1293 illustri
1940 1265 2044 1294 con-

171 1322 270 1374 iuqe
307 1327 452 1364 nostra
494 1323 740 1366 Constantia
788 1326 827 1363 et
859 1324 950 1378 filio
991 1326 1136 1363 nostro
1167 1313 1379 1363 '‘Brenni-l
1424 1335 1523 1375 sepe
1568 1320 1679 1362 dicto
1722 1323 2046 1375 presencialiter

171 1391 453 1445 interfuimus.
487 1394 885 1432 excommunicaret.
932 1393 1059 1443 Quod
1090 1396 1128 1432 et
1154 1381 1404 1445 factumest
1434 1391 1484 1432 ab
1512 1391 1669 1432 eodem.
1719 1392 1782 1432 Et
1810 1390 1890 1431 lzoc
1923 1393 2045 1432 etiam

172 1461 364 1501 omnibus
402 1463 596 1502 volumus
635 1474 728 1501 esse
767 1463 1048 1514 manifestum.
1089 1462 1203 1514 quod
1242 1462 1333 1500 sine
1372 1461 1553 1514 offensa·
1574 1463 1723 1500 nostra
1763 1461 1844 1501 erit
1873 1461 1912 1500 si
1938 1473 2045 1513 pre-

171 1531 356 1583 scriptus
405 1532 628 1583 episcopus
677 1534 717 1570 et
762 1533 851 1571 eius
898 1543 1168 1570 successores
1213 1529 1457 1570 nostrarum
1497 1530 1834 1569 constitutionum
1880 1530 1925 1569 in
1962 1529 2044 1569 Ιιαο

169 1600 330 1653 payina
370 1603 666 1640 contentarum.
699 1600 929 1639 secundum
974 1600 1263 1639 ecclesiastica
1296 1600 1393 1638 iura
1429 1600 1647 1651 punierint
1684 1601 2041 1650 transyressores.

174 1670 288 1709 ,Mete
319 1672 454 1709 autem
487 1670 689 1709 circuitus
730 1668 975 1719 11⁷eliqracle
1006 1669 1124 1721 infra
1157 1668 1395 1720 subscripta
1434 1668 1684 1719 intersiqnia
1716 1668 1906 1707 locorum
1934 1678 2043 1720 pro-

172 1737 395 1778 tenduntur
428 1739 590 1778 scilicet
618 1739 787 1778 riuulus
818 1737 969 1778 Bezlsa
1002 1739 1073 1789 qui
1099 1739 1194 1791 stitit
1218 1737 1275 1777 acl
1306 1738 1638 1789 septentrionem.
1685 1736 1757 1777 Ad
1787 1735 2043 1776 occidentem

172 1807 283 1859 lapis
315 1808 386 1859 qui
408 1807 562 1847 dieitur
594 1808 853 1848 kralawstol.
882 1807 1033 1847 dehinc
1064 1819 1184 1846 mons
1215 1807 1286 1857 qui
1316 1807 1555 1845 nominatur
1582 1804 1748 1845 zhcala.
1776 1804 2044 1858 postmodum

171 1876 386 1928 ambiqens
419 1877 571 1916 siluam
604 1876 741 1928 ryezcl
772 1879 811 1916 et
841 1877 1088 1916 Polisowiz.
1123 1878 1162 1915 et
1191 1877 1253 1914 sic
1291 1888 1368 1927 per
1401 1875 1583 1914 insulam
1617 1874 1787 1914 tendens
1820 1875 1864 1913 in
1895 1885 2042 1913 mora-

170 1958 281 1986 uam.
329 1946 455 1998 Infra
485 1945 699 1998 predictas
732 1946 861 1985 melas
895 1947 938 1985 in
970 1945 1160 1985 omnibus
1192 1945 1315 1984 siluis
1347 1956 1452 1996 quas
1485 1944 1584 1983 huic
1617 1944 1759 1983 domui
1791 1943 2042 1983 contulimus

171 2016 216 2055 in
231 2011 451 2070 {sslorauia
484 2018 523 2054 el
552 2015 742 2055 omnibus
785 2016 905 2067 aquis
938 2014 1112 2055 liberam
1145 2013 1325 2053 habeant
1359 2016 1600 2066 potestatem
1631 2015 1677 2052 ut
1705 2013 1850 2052 nullus
1882 2013 1928 2052 in
1954 2025 2040 2065 pa-

172 2085 288 2123 scuis
325 2085 570 2136 piscatione.
609 2087 649 2123 et
677 2086 907 2124 venacione
948 2095 1020 2123 eos
1056 2085 1276 2135 presumat
1319 2083 1561 2133 inquietare.
1624 2080 1718 2122 Sed
1753 2093 1831 2121 nec
1868 2083 2041 2121 venator

172 2152 334 2204 aliquid
364 2154 473 2192 iuris
498 2152 579 2192 sibi
609 2153 809 2193 vendicet.
833 2165 979 2192 rerum
1005 2164 1167 2192 omnem
1191 2152 1401 2190 vtilitatem
1426 2150 1699 2202 vndecunque
1727 2151 2039 2203 prouenientem

172 2221 388 2262 cenobium
432 2221 541 2261 illud
578 2221 706 2261 libere
752 2224 791 2261 et
827 2221 1013 2261 absolute
1056 2219 1283 2273 possideat.
1346 2220 1655 2259 Possessiones
1704 2231 1805 2259 vero
1854 2218 2041 2258 eiusdem

174 2290 336 2331 cenobii
375 2293 472 2330 sunt
508 2290 583 2330 hee
622 2291 855 2331 Welihrad
897 2292 1047 2331 ciuitas
1090 2291 1232 2341 primo.
1275 2288 1589 2343 ModoburguS.
1632 2286 1848 2330 Costelen.
1887 2288 2038 2327 Nena-

171 2360 311 2400 kvniz.
339 2359 580 2399 Polisowiz.
613 2360 847 2400 Borschici.
874 2360 1048 2415 'Vgefflh
1081 2358 1298 2399 Zlechow.
1331 2357 1539 2399 Setschae.
1581 2355 1759 2409 Capella
1790 2357 2038 2411 Spitignev.

173 2428 487 2469 Vschaenowiz.
534 2429 583 2469 In
621 2429 756 2468 Babiz
789 2429 842 2469 ad
870 2429 950 2469 duo
984 2433 1141 2468 aratra.
1174 2428 1371 2467 Man-etiz.
1396 2427 1613 2478 Popowiz.
1646 2427 1842 2478 superius
1875 2429 1918 2465 et
1950 2426 2038 2465 Po-

173 2500 310 2550 powiz
338 2495 525 2538 inferius.
547 2498 808 2549 Knesepole.
831 2498 988 2537 Briezt.
1014 2496 1325 2537 Khwalkowiz.
1351 2496 1579 2537 Zdeboriz.
1609 2495 1793 2537 Sirodki.
1819 2494 2036 2534 Nalusche
