2212 2876
151 232 316 285 quando
342 243 589 283 comparens
624 243 764 270 coram
789 230 910 268 nobis
934 230 1004 269 lite
1033 230 1135 268 abiit
1168 232 1404 269 contestata
1437 240 1567 280 super
1593 229 1764 270 decimis
1793 230 2020 271 et‘iuribus

149 303 400 341 memoratis.
448 303 605 341 Iterato
640 302 781 351 itaque
816 300 1067 350 peremtorie
1102 299 1235 339 eidem
1260 298 1448 338 Martino
1482 300 1747 350 precepimus
1779 304 1823 339 ut
1854 301 2022 340 ueniret

148 382 227 422 per
259 383 307 410 se
342 372 409 410 uel
435 382 511 421 per
544 369 835 420 responsalem
863 369 1053 408 idoneum
1088 369 1198 407 dicto
1231 368 1389 407 Abbati
1414 379 1712 419 responsurus.
1761 369 1858 420 Ipse
1884 374 2020 408 autem

148 451 229 480 nec
255 451 332 491 per
362 451 410 479 se
434 440 560 479 uenit.
597 449 676 477 nec
700 442 1015 489 procuratorem
1049 450 1124 489 pro
1153 449 1202 476 80
1234 437 1356 475 misit.
1388 436 1576 488 Ideoque
1609 437 1740 488 ipsum
1774 442 2020 488 reputantes

148 513 432 549 contumacem
474 511 701 559 parcentes
740 507 956 546 laboribus
1006 510 1048 546 et.
1087 507 1291 557 expensis
1332 505 1428 544 dicti
1469 506 1666 545 Abbatis.
1706 507 2019 557 possessionem

147 589 284 618 rerum
319 578 534 628 petitarum
568 576 725 616 Abbati
760 576 813 615 de
846 576 995 615 Lucha
1029 577 1192 615 nomine
1225 575 1356 626 ipsius
1390 575 1576 615 ecclesie
1609 586 1687 614 sue
1721 575 2020 615 adiudicamus.

148 651 191 687 et
222 648 353 698 ipsum
380 647 419 685 in
455 646 768 697 possessionem
793 646 996 684 mittimus.
1030 645 1304 696 prohibentes
1337 645 1414 684 sub
1444 656 1553 696 pena
1584 645 2021 684 excommunicationis

146 728 200 756 ne
234 717 326 769 quis
362 715 537 755 eundem
572 726 702 766 super
735 714 937 765 predictis
971 714 1126 753 audeat
1157 714 1396 753 molestare.
1444 714 1720 764 precepimus
1755 715 1877 753 etiam
1911 714 2021 753 dicto

145 786 206 826 M.
240 785 420 837 plebano
454 789 498 823 ut
531 782 686 838 fruges
721 795 826 836 quas
869 784 907 822 in
942 784 1145 834 principio
1179 783 1261 823 litis
1296 783 1349 822 de
1382 794 1597 822 consensu
1637 784 1855 834 utriusque
1889 784 2021 834 partis

145 865 280 907 usque
321 854 372 893 ad
408 852 526 893 finem
569 864 701 893 cause
742 854 953 904 posuimus
988 854 1029 892 in
1069 856 1308 904 sequestro.
1342 850 1450 891 infra
1493 853 1615 891 unius
1649 852 1804 891 mensis
1846 853 2021 903 spatium

146 925 288 964 abbati
329 912 532 963 restituat
566 926 608 962 et
647 923 859 976 assignet.
925 921 1046 970 Quod
1093 922 1129 961 si
1170 920 1317 961 facere
1365 921 1666 972 contempserit
1706 933 1762 961 ex
1801 925 1899 961 tunc
1941 933 2022 960 ex-

146 993 528 1034 communicationis
569 993 780 1031 sententie
822 992 877 1030 sit
908 991 1138 1031 subiectus.
1204 989 1569 1043 Condempnamus
1611 992 1734 1030 etiam
1775 991 1924 1030 dictum
1958 991 2021 1031 M.

146 1064 305 1104 Abbati
345 1063 385 1102 in
420 1062 624 1113 expensis
666 1072 771 1113 quas
805 1061 1031 1100 occasione
1076 1061 1197 1100 huius
1230 1061 1312 1100 litis
1352 1072 1401 1100 se
1440 1059 1599 1100 fecisse
1638 1061 1882 1111 probauerit
1914 1060 2021 1100 idem

145 1133 295 1173 abbas.
343 1131 463 1181 Quod
497 1135 634 1170 autem
666 1131 914 1169 sententiam
949 1130 1092 1169 damus
1126 1142 1201 1181 pro
1234 1130 1390 1169 abbate
1423 1141 1500 1168 nos
1534 1133 1671 1169 mouet
1704 1131 1800 1181 quia
1834 1130 2022 1169 ecclesia

146 1203 198 1242 de
238 1201 458 1241 Rohather
498 1212 581 1239 non
614 1203 679 1239 est
719 1200 889 1239 limitata
924 1202 966 1238 et
1004 1200 1297 1238 monasterium
1339 1199 1390 1238 de
1423 1198 1588 1238 Lucha.
1630 1199 1815 1238 decimas
1859 1203 1902 1237 et
1936 1198 2021 1237 alia

144 1273 236 1311 iura
277 1283 333 1310 ex
373 1271 502 1322 ipsius
545 1268 799 1318 fundationis
842 1268 1016 1307 exordio
1059 1269 1249 1319 possedit
1282 1268 1444 1307 diucius
1486 1272 1527 1307 et
1560 1269 1764 1319 percepit.
1828 1268 1942 1307 Data
1975 1268 2016 1307 in

143 1340 338 1382 Modrice
372 1351 482 1378 anno
516 1340 660 1393 gratie
693 1338 754 1378 Μ.
789 1336 878 1378 CC.
913 1338 1121 1377 XXVIII.
1187 1336 1340 1385 Quinta
1374 1335 1480 1376 feria
1523 1340 1618 1387 post
1650 1337 1945 1376 Reminiscere
1978 1337 2021 1376 in

144 1410 252 1451 festo
287 1410 399 1450 beati
434 1409 598 1449 Mathie
633 1407 826 1459 apostoli.
891 1405 1162 1446 Pontificatus
1196 1398 1327 1446 n'ostri
1363 1418 1473 1445 anno
1508 1406 1697 1446 XXVII.

457 1509 511 1541 Ex
536 1507 736 1550 originali
759 1508 951 1539 monasterii
975 1507 1194 1549 Lucensis3
1219 1508 1305 1549 sign.
1331 1505 1366 1538 C.
1393 1505 1428 1538 4.
1453 1525 1495 1529 —
1517 1505 1667 1548 Sigillum
1693 1508 1744 1538 est
1768 1506 1928 1537 avulsum.

935 1683 1230 1726 CLXXXIV.

146 1783 384 1836 Greyorius
422 1795 535 1835 papa
577 1781 658 1820 IX.
707 1781 950 1833 praeposito
989 1779 1287 1832 Neuburyensi
1332 1779 1516 1830 memini,
1566 1782 1612 1819 ul
1648 1778 1812 1819 ‚loanni
1862 1778 2020 1818 clerico

190 1851 475 1906 praebendam
508 1851 552 1890 in
584 1850 764 1889 ecclesia
801 1850 1074 1890 Olonna-ensi
1105 1850 1270 1888 restitui
1296 1850 1511 1901 procuret.
1575 1848 1648 1887 DI.
1682 1848 1847 1888 Romae
1879 1847 1966 1887 ΙΙΙ.

808 1920 957 1960 Nonas
990 1919 1169 1971 Aprilis,
1210 1917 1362 1958 1228.

278 2014 540 2088 Gregorius
581 2033 806 2084 episcopus
840 2041 994 2070 seruus
1027 2041 1244 2070 seruorum
1287 2029 1367 2069 dei.
1430 2029 1611 2069 Dilectis
1645 2027 1737 2067 filiis
1772 2057 1782 2067 .
1817 2057 1827 2066 .
1862 2038 2019 2079 prepo-

147 2105 226 2143 sito
276 2107 318 2142 et
357 2131 367 2141 .
416 2131 426 2142 .
470 2102 633 2142 decano
682 2101 989 2155 Nimburgensi
1036 2100 1211 2139 salutem
1260 2102 1302 2138 et
1351 2098 1623 2150 apostolicam
1670 2096 2019 2137 benedictionem.

146 2174 340 2213 Dilectus
374 2170 478 2210 filius
511 2171 735 2211 Johannes
769 2171 966 2223 010110118,
1000 2173 1123 2209 natus
1158 2168 1307 2208 nobilis
1348 2168 1430 2207 viri
1461 2167 1615 2207 Jacobi
1650 2167 1703 2206 de
1736 2166 1879 2206 arloco
1913 2167 2019 2206 ciuis

146 2242 338 2296 Romani,
379 2241 501 2281 nobis
542 2241 752 2294 exposuit,
787 2239 896 2292 quod
941 2239 1049 2279 bone
1082 2239 1277 2278 memorie
1319 2234 1595 2288 (Konradus)
1635 2235 1886 2275 Portuensis
1926 2236 2019 2286 epi-

146 2323 302 2362 scopus
344 2313 442 2350 tunc
486 2310 525 2348 in
568 2310 758 2360 partibus
802 2309 881 2348 illis
922 2308 1153 2359 apostolice
1187 2306 1303 2347 sedis
1344 2307 1533 2360 legatus,
1567 2305 1824 2357 prebendam
1864 2305 1943 2344 sibi
1978 2305 2018 2344 111

147 2380 334 2420 ecclesia
369 2379 640 2419 Olomucensi
664 2379 891 2431 concessit7
926 2389 1044 2429 quain
1080 2389 1157 2417 nos
1191 2376 1325 2416 eidem
1356 2376 1512 2415 clerico
1548 2374 1802 2426 postmodum
1827 2373 2018 2413 duximus

147 2448 481 2501 confirmandam7
506 2459 558 2487 ac
585 2448 843 2487 venerabilis
871 2446 1004 2486 frater
1033 2450 1178 2485 noster
1204 2476 1213 2485 .
1237 2475 1245 2484 .
1271 2445 1497 2496 episcopus
1526 2443 1816 2484 Olomucensis
1842 2454 2019 2481 annuam

146 2519 389 2569 pensionem
423 2518 542 2559 trium
575 2528 806 2556 marcarum
841 2517 879 2555 in
913 2516 1240 2567 supplementum
1281 2514 1390 2554 dicte
1424 2513 1641 2566 prebende
1675 2516 1846 2564 propter
1879 2511 2018 2551 tenui-
