2212 2876
1049 93 1150 135 231

166 239 327 281 habere
359 240 582 294 sinceram,
626 244 668 280 et
700 243 845 291 preter
878 249 1091 278 commune
1131 238 1314 278 debitum
1346 238 1570 290 pastoralis
1611 236 1747 291 officii⁷
1781 248 1860 290 quo
1899 248 2040 277 curam

166 313 209 350 et
240 309 559 349 sollicitudinem
585 312 774 349 tenemur
806 318 971 363 gerere
999 296 1262 362 singulorum
1296 307 1539 362 specialem,
1572 306 1795 347 serenitati
1828 309 1898 345 tue
1931 317 2040 360 gra—

164 378 262 418 tiam
296 377 564 432 exhibentes,
606 389 830 429 personam
864 381 973 416 tuam
1014 388 1105 416 cum
1139 377 1326 416 omnibus
1367 377 1504 431 bonis,
1539 388 1619 428 que
1660 377 1701 416 in
1735 379 2042 429 presentiarum

165 447 471 486 rationabiliter
503 447 713 500 possides7
747 450 818 486 aut
852 447 890 485 in
918 444 1095 485 futurum
1128 446 1248 485 iustis
1281 446 1412 486 modis
1438 450 1655 497 prestante
1689 448 1851 489 domino
1885 449 2043 500 poteris

166 515 357 569 adipisci,
391 517 468 555 sub
503 517 764 567 protectione
797 506 1046 567 suscipimus
1087 515 1318 567 apostolice
1351 515 1479 556 Sedis
1521 519 1563 555 et
1595 521 1761 572 nostra3
1801 518 2043 570 specialiter

167 589 304 625 autem
336 586 755 637 B1·ecyzl‹1m·ensem‚
796 584 1083 635 Priln'zlam‘zj
1119 584 1333 635 Conowe'z,
1376 583 1583 635 Godenin,
1616 586 1781 626 Bisenz
1822 590 1861 627 et
1889 587 2042 628 Bude-

165 655 301 705 wz’qez
342 656 593 709 prouincias7
636 667 742 706 quas
776 654 828 693 ad
869 658 910 693 te
954 655 1116 693 ratione
1152 654 1324 692 dotalitii
1365 655 1528 693 asseris
1563 656 1792 711 pertinere,
1826 657 1935 696 sicut
1968 668 2043 697 eas

166 723 275 762 iuste
309 724 505 774 possides
539 728 581 763 et
609 725 761 776 quiete,
796 724 1045 762 auctoritate
1070 723 1143 762 tibi
1177 722 1407 773 apostolica
1434 721 1722 763 confirmamus
1756 729 1799 765 et
1831 727 2044 777 presentis

166 793 312 843 scripti
353 793 586 843 patrocinio
629 793 934 832 communimus.
984 792 1109 832 *Nulli
1154 803 1264 845 ergo
1309 792 1471 830 omnino
1512 792 1714 832 hominum
1755 794 1895 850 liceat,
1935 796 2043 836 hanc

166 862 369 915 paginam
404 866 548 901 nostre
584 862 855 912 protectionis
890 866 929 900 et
964 859 1287 900 confirmationis
1322 859 1561 914 infringere
1596 863 1665 901 vel
1700 864 1736 902 ei
1772 875 1876 903 ausu
1909 868 2045 904 teme-

166 931 280 969 rario
314 932 540 970 contraire.
592 931 639 971 Si
674 932 766 982 quis
800 935 935 969 autem
970 930 1049 968 boc
1076 934 1324 979 attemptare
1360 931 1675 985 presumpserit7
1709 932 2042 988 indignationem

167 1000 459 1050 omnipotentis
501 1000 568 1039 dei
610 1006 650 1039 et
693 1000 906 1038 beatorum
949 1000 1062 1038 Petri
1105 1004 1145 1038 et
1190 999 1306 1038 Pauli
1350 1000 1631 1050 apostolorum
1665 1001 1756 1040 eius
1797 1014 1846 1041 se
1880 1003 2045 1043 nouerit

168 1069 442 1109 incursurum.
490 1069 588 1108 Dat.
621 1069 825 1108 Laterani
851 1069 927 1108 IV.
963 1069 1055 1107 idus
1084 1069 1262 1119 Aprilis3
1296 1067 1558 1120 pontificatus
1585 1071 1717 1110 nostri
1750 1068 1860 1111 anno
1889 1073 2042 1124 quinto.

478 1168 508 1200 E
533 1169 716 1211 Regesto
742 1168 938 1211 Gregorii
963 1168 1024 1200 lx.
1049 1169 1123 1199 anni
1149 1168 1188 1199 V.
1213 1169 1309 1210 epist.
1338 1166 1397 1201 18,
1422 1170 1454 1200 in
1478 1169 1645 1202 tabulariis
1671 1170 1896 1203 Vaticanis.

1403 1253 1498 1290 mn·-

1024 1344 1180 1387 CCXI.

172 1440 410 1493 Greqorius
447 1454 561 1494 papa
597 1441 676 1480 IX.
717 1442 938 1494 confirma!
969 1453 1112 1480 omnes
1150 1442 1445 1493 possessiones
1478 1444 1518 1481 e!
1536 1419 1758 1482 ‘libertates
1796 1444 2046 1496 monascqoea‘i

407 1509 830 1550 Danbrazrnicen-sis.
896 1512 966 1550 Dc.
1001 1512 1162 1551 Realae
1195 1510 1319 1551 XIV.
1353 1511 1456 1551 Kal.
1492 1512 1618 1563 Julii,
1659 1512 1813 1553 1231.

301 1603 565 1677 ngorius
599 1623 824 1674 episcopus
859 1634 1012 1662 seruus
1045 1634 1262 1662 seruorum
1298 1623 1378 1662 (lei.
1442 1623 1623 1663 Dilectis
1657 1625 1696 1664 in
1732 1624 1904 1666 Christo
1937 1624 2044 1666 filia-

170 1692 247 1732 bus
281 1722 290 1731 .
316 1722 325 1731 .
360 1692 576 1731 abbatisse
612 1704 663 1731 ac
698 1692 916 1732 sororibus
944 1680 1117 1731 inclusis
1151 1693 1403 1732 monasterio
1437 1694 1581 1732 sam-li,
1605 1694 1838 1734 Franciscz·
1869 1697 1910 1735 in
1943 1695 2045 1735 Μο-

169 1761 287 1801 rauia
312 1762 535 1801 constituti.
561 1761 748 1801 Salutem
775 1765 816 1801 et
841 1762 1112 1812 apostolicam
1138 1762 1488 1802 benedictionem.
1538 1762 1826 1804 Sacrosancta
1853 1764 2045 1804 Romana

169 1831 355 1870 ecclesia
395 1830 572 1870 deuotos
621 1836 662 1870 et
701 1831 876 1870 humiles
925 1829 1028 1870 lilios
1069 1844 1124 1870 ex
1171 1835 1343 1871 assuete
1394 1833 1563 1882 pietatis
1610 1832 1745 1873 officio
1792 1834 2044 1885 propensius

169 1899 353 1954 diligere
387 1900 619 1939 consueuit.
661 1908 702 1940 et
734 1911 788 1939 ne
828 1912 1048 1951 prauorum
1080 1900 1283 1940 hominum
1326 1901 1525 1941 molestiis
1559 1902 1791 1956 agitentur.
1833 1914 1918 1955 eosv
1945 1907 2044 1943 tan-

171 1980 291 2021 quam
332 1969 399 2020 pia
443 1973 575 2008 mater
614 1980 691 2009 sue
732 1970 1004 2021 protectionis
1044 1971 1263 2009 munimine
1308 1968 1549 2010 confouere.
1614 1971 1854 2022 Eapropter
1887 1969 2044 2012 dilecte

170 2039 209 2077 in
245 2036 416 2078 Christo
442 2036 521 2077 filie
553 2040 710 2078 uestris
738 2039 1087 2090 postulationibus
1122 2044 1251 2093 grato
1275 2044 1580 2079 concurrentes
1614 2051 1809 2080 assensu.
1834 2052 2043 2093 personas

174 2113 342 2147 uestras
391 2112 433 2146 et
473 2107 605 2146 locum
655 2108 695 2146 in
736 2119 815 2159 quo
856 2108 995 2148 diuino
1045 2110 1148 2148 estis
1191 2109 1393 2161 obsequio
1441 2109 1677 2160 mancipate
1724 2122 1814 2150 cum
1855 2112 2043 2151 omnibus

170 2176 305 2215 bonis.
347 2187 427 2227 que
477 2176 517 2215 in
561 2178 868 2227 presentiarum
916 2178 1219 2217 rationabiliter
1258 2178 1459 2229 possidet.
1508 2182 1580 2217 aut
1618 2179 1659 2218 in
1699 2177 1875 2220 futurum
1923 2181 2043 2220 iustis

170 2245 300 2284 modis
336 2248 551 2295 prestante
580 2245 742 2286 domino
775 2248 927 2298 poterit
949 2247 1124 2297 adipisci
1159 2247 1236 2286 sub
1262 2247 1375 2286 beati
1408 2247 1525 2287 Petri
1552 2251 1593 2288 et
1617 2253 1760 2288 nostra
1786 2250 2043 2301 protectione

171 2315 433 2365 suscipimus.
497 2313 754 2365 Specialiter
793 2320 928 2355 autem
964 2317 1263 2367 possessiones
1303 2321 1345 2355 et
1378 2317 1460 2356 alia
1500 2317 1607 2356 bona
1642 2322 1800 2358 uestra.
1842 2319 1951 2358 sicut
1991 2329 2043 2358 ea

171 2384 306 2423 omnia
352 2383 458 2422 iuste
510 2394 561 2422 ac
603 2383 777 2434 pacifice
827 2385 1066 2436 possidetis.
1109 2385 1230 2424 uobis
1280 2390 1321 2424 et
1363 2398 1438 2436 per
1479 2399 1555 2425 uos
1602 2388 1858 2427 monasterio
1899 2391 2042 2427 uestro

149 2453 422 2491 *auctoritate
465 2453 696 2503 apostolica
739 2452 1026 2493 confirmamus
1069 2457 1111 2492 et
1152 2456 1365 2504 presentis
1405 2457 1551 2505 scripti
1594 2457 1827 2507 patrocinio
1861 2467 2041 2496 commu-

170 2522 314 2561 nimus.
362 2521 472 2560 Nulli
507 2532 618 2576 ergo
647 2523 809 2562 omnino
842 2522 1046 2562 bominum
1075 2523 1198 2563 liceat
1230 2522 1340 2563 hanc
1367 2525 1567 2579 paginam
1600 2529 1746 2565 nostre
1770 2526 2042 2577 protectionis
