2212 2876
1065 82 1173 124 218

1067 222 1158 266 CC.

313 298 578 373 Gregorius
611 329 721 369 papa
753 316 832 356 IX.
876 315 1212 368 archiepiscopis
1254 318 1297 356 et
1329 316 1558 370 episcopis,
1598 317 1781 372 regibus
1821 321 1864 358 et
1895 319 2057 370 princi-

180 388 301 441 pibus
336 389 471 440 (inter
511 397 614 438 quos
648 390 690 426 et
729 387 830 440 regi
862 386 1061 425 Boemiae
1096 388 1138 424 et
1171 385 1371 436 episcopo
1405 386 1651 441 Pragensi]
1692 384 1870 443 flagitia,
1905 389 2055 440 quibus

179 457 505 513 „F[1·ide1·icus]
533 456 667 495 dictus
694 456 921 507 imperator
948 453 1068 494 fidem
1093 455 1271 494 nominis
1297 453 1529 496 Christiani
1563 454 1749 496 confudit
1774 460 1816 496 et
1837 458 2056 513 prodidit7⁷'

179 532 278 568 nota
319 525 432 567 facit.
506 526 659 565 Datum
709 526 879 566 Perusii
928 526 1029 567 XV.
1079 525 1302 566 Kalendas
1353 526 1566 580 Augusti3
1621 523 1888 577 pontificatus
1944 539 2055 567 anno

177 598 314 637 tertio.
349 595 558 648 (1229.)

488 687 712 731 Palacky's
736 687 840 720 Reise
863 696 941 730 pag.
965 686 1030 719 24.
1054 706 1097 710 —
1120 696 1138 718 e
1161 687 1347 730 Regesto
1373 686 1569 729 Gregorii
1598 686 1661 719 IX.
1685 687 1759 719 anni
1782 687 1846 719 ΙΙΙ.
1871 689 1967 729 epist.
1991 685 2055 720 38.

1064 846 1176 889 CCI.

185 946 449 998 W'olfmmus
486 944 538 985 de
570 943 901 997 Schlenlcenberq
942 945 1198 984 monasterio
1233 943 1530 984 Oslowaneusi
1569 942 1757 982 decimas
1789 944 1978 995 inlevqras
2010 944 2055 983 in

488 1016 736 1055 Miitzmcms
768 1013 1010 1064 (Vzmcmsj
1044 1014 1221 1066 confert.
1254 1012 1304 1054 S.
1333 1012 1372 1052 d.
1406 1015 1524 1062 (cmte
1564 1012 1742 1063 1230.)

306 1087 366 1148 In
399 1107 564 1146 nomine
596 1106 729 1157 patris
763 1108 805 1145 et
837 1103 903 1144 filii
939 1108 981 1144 et
1013 1105 1186 1156 spiritus
1220 1103 1369 1142 sancti.
1410 1114 1544 1142 amen.
1608 1103 1826 1143 Vniuersa
1866 1104 2056 1157 negocia

176 1176 372 1217 mandata
404 1176 554 1216 litteris
589 1187 645 1215 ex
678 1186 819 1215 earum
852 1174 1024 1214 trahvnt
1056 1173 1253 1213 memoria
1286 1171 1594 1212 firmamentum.
1650 1173 1802 1212 Notum
1836 1173 1891 1211 sit
1922 1173 2055 1227 igitur

175 1250 257 1286 tam
307 1245 579 1297 presentibus
620 1256 740 1296 quam
789 1242 939 1283 futuris
981 1243 1091 1295 quod
1140 1254 1228 1296 ego
1276 1240 1546 1282 Wolsramvs
1594 1241 1729 1281 dictus
1779 1242 1953 1293 picerna
2001 1241 2055 1282 de

176 1315 516 1369 schenkenberg
555 1314 739 1354 decimas
779 1315 820 1353 in
863 1325 1040 1352 vzmans
1082 1312 1354 1367 integraliter
1393 1312 1580 1351 clavstro
1614 1312 1655 1350 in
1696 1311 1787 1350 ozia
1822 1314 1864 1350 et
1903 1311 2055 1351 ibidem

176 1385 256 1425 deo
290 1385 574 1424 seruientibus
608 1396 683 1436 pro
717 1395 860 1423 amore
901 1383 968 1422 dei
1003 1387 1045 1422 et
1079 1384 1170 1422 eius
1205 1381 1430 1436 genitricis
1464 1380 1607 1421 Marie
1647 1381 1744 1420 uiua
1777 1392 1885 1420 uoce
1918 1381 2055 1421 libera

175 1455 331 1495 contuli
363 1455 590 1493 uoluntate.
616 1454 673 1493 ita
707 1453 815 1505 quod
845 1454 885 1492 in
920 1456 1163 1506 perpetuum
1191 1452 1341 1491 ibidem
1377 1451 1456 1490 deo
1482 1449 1734 1491 famvlantes
1768 1462 1843 1502 pro
1871 1450 2054 1490 remedio

176 1525 312 1564 anime
345 1535 436 1563 mee
469 1534 736 1575 meorumque
771 1524 1090 1577 progenitorum
1125 1522 1304 1561 diuinam
1338 1521 1597 1560 clementiam
1630 1520 1863 1574 dignentur
1895 1520 2055 1574 iugiter

177 1594 393 1634 inuocare.
456 1593 517 1633 Vt
557 1597 693 1632 autem
732 1592 965 1632 huiusmodi
1000 1592 1263 1631 donationem
1299 1589 1366 1630 filii
1405 1591 1485 1630 mei
1523 1589 1592 1629 uel
1644 1600 1785 1629 eorum
1826 1590 2054 1640 posteritas

177 1663 290 1704 nvllo
324 1675 433 1703 avsu
473 1663 699 1702 temerario
732 1662 904 1701 ualeant
943 1672 1152 1700 reuocare
1185 1660 1415 1699 litterarum
1455 1659 1651 1699 memorie
1694 1658 1980 1698 commendaui
2013 1661 2054 1699 et

175 1733 341 1773 testium
384 1732 616 1772 nominibus
655 1731 987 1782 subscriptorum
1031 1734 1072 1770 et
1111 1729 1244 1784 sigilli
1292 1730 1371 1768 mei
1412 1729 1632 1768 munimine
1680 1729 1880 1768 roboraui
1918 1730 2054 1768 testes

175 1806 313 1842 autem
346 1806 445 1842 svnt
476 1802 533 1841 hii
565 1801 828 1841 Wilhelmus
862 1804 904 1840 et
937 1799 1212 1852 marquardus
1244 1797 1312 1838 filii
1344 1799 1436 1838 mei.
1471 1796 1728 1839 Chvnradus
1761 1798 2053 1852 babergensis

176 1873 406 1912 canonicus
448 1875 491 1911 et
522 1871 730 1923 plebanus
771 1870 824 1909 de
858 1870 1054 1909 iacobav.
1098 1868 1403 1908 hildebrandus
1444 1867 1652 1919 plebanus
1693 1867 1745 1907 de
1786 1865 2052 1907 wolfi-ames-

176 1940 355 1981 kirchen
388 1944 430 1981 et
463 1941 531 1980 alii
566 1951 687 1993 quam
721 1940 878 1991 plures.

487 2032 543 2065 Ex
567 2031 760 2074 originali
784 2041 856 2063 cum
879 2030 988 2073 sigillo
1010 2030 1126 2062 illaeso
1153 2028 1302 2071 ejusdem
1325 2030 1514 2061 monasterii
1538 2030 1570 2061 in
1594 2029 1727 2070 registr.
1751 2038 1781 2061 c.
1804 2038 1831 2060 r.
1856 2027 2024 2060 Gubernii.

1049 2188 1181 2231 CCII.

179 2286 412 2339 Arnoldus,
462 2286 591 2327 abbas
640 2283 924 2340 Trebjciensz's,
968 2286 1223 2338 oppiqnora!
1266 2286 1522 2324 monasterio
1572 2284 1869 2325 oslowanensz·
1907 2283 2052 2323 villam

759 2347 968 2408 Recenti-sta
1000 2354 1050 2396 S.
1085 2354 1124 2394 d.
1159 2355 1244 2403 [ce.
1285 2353 1467 2405 1230.)

310 2426 431 2490 Cum
466 2447 609 2486 carnis
634 2448 855 2486 successio
889 2447 943 2485 sit
973 2458 1104 2497 prona
1139 2445 1367 2496 posteritas
1392 2449 1434 2484 et
1466 2456 1604 2483 rerum
1629 2443 1910 2495 temporalium
1934 2453 2048 2481 mora

178 2518 398 2557 consueuit
431 2517 679 2557 obliuionem
713 2527 946 2571 generare.
980 2516 1270 2555 necessarium
1311 2517 1377 2553 est
1409 2519 1454 2553 vt
1487 2518 1584 2553 acta
1616 2512 1847 2553 mortalium
1879 2511 2049 2563 scriptis
