2212 2876
939 95 1250 158 „3⁷1⁴-

162 241 328 281 diaconi
361 244 405 280 et
436 240 506 280 alii
539 239 701 291 prelati.
742 238 895 278 Abbas
929 238 982 279 de
1015 238 1288 279 Zaberdouiz
1320 238 1538 290 Dytricus.
1572 238 1687 288 prior
1718 236 2026 289 predicatorum

159 310 378 349 Nicolaus.
412 310 558 349 senior
589 306 762 347 fratrum
801 308 999 347 minorum
1039 306 1173 347 frater
1212 308 1495 347 Hei-mannus.
1535 307 1740 346 Dominus
1780 304 2031 346 Gerhardus

160 379 422 433 purgrauius
455 379 497 417 in
531 377 728 418 Olomucz
761 380 804 416 et
836 375 941 416 filius
975 377 1067 416 eius
1110 376 1278 416 Boscho
1321 377 1582 430 purgrauius
1624 375 1666 414 in
1707 375 1912 426 Znoyma.
1953 374 2033 414 do-

159 449 293 488 minus
325 447 572 487 Ratiborius
605 450 647 485 et
679 444 783 484 filius
819 446 910 484 eius
944 445 1132 484 dominus
1164 444 1382 485 Hartlibus
1416 444 1678 498 purgrauius
1710 444 1752 483 in
1784 441 1958 483 Brunn'a
1991 448 2034 484 et

161 517 348 556 dominus
383 513 542 567 Cyrho.
606 514 760 554 Datum
793 525 902 553 anno
935 511 1121 554 MCC.
1161 514 1503 567 quadragesimo.
1545 511 1704 561 Quarto
1743 512 1892 552 Nonas
1931 512 2033 553 Julii

161 588 260 637 aput
291 585 517 625 claustrum
549 582 820 624 Zabrdouicz
853 580 1115 633 pontificatus
1148 582 1280 622 nostri
1314 582 1478 634 absque
1512 581 1675 621 duobus
1707 581 1804 621 XL.
1837 593 1961 621 anno.

472 674 527 707 Ex
550 673 670 706 Actis
695 683 764 706 sec.
783 673 880 706 xlv.
904 674 935 705 in
960 673 1097 705 archivo
1120 672 1398 715 archiepiscopali
1421 671 1629 705 Olomucii.

975 812 1220 856 CCCXXI.

164 902 402 955 Gregorius
440 915 553 956 popa
587 901 667 942 IX.
698 899 907 955 fratribus
949 900 1115 940 ordini-s·
1152 899 1496 953 praedic-olorum
1534 897 1701 951 inhibet,
1734 911 1787 939 ne
1818 901 1912 952 qni-s·
1941 903 2039 953 post

207 973 521 1026 professionem
545 970 597 1011 ab
619 970 769 1010 ordine
796 968 996 1009 discedat.
1034 970 1103 1010 Dc.
1129 970 1353 1021 Lolerani,
1380 969 1468 1009 III.
1495 969 1644 1009 Nonas
1662 968 1798 1021 ,Julieg
1837 969 1989 1010 1240.

293 1064 554 1138 Gregorius
587 1082 813 1134 episcopus
846 1092 999 1121 seruus
1031 1092 1249 1121 seruorum
1283 1081 1364 1121 dei.
1428 1081 1608 1121 Dilectis
1641 1078 1734 1120 filiis
1757 1110 1767 1120 .
1793 1110 1803 1120 .
1826 1082 2035 1136 magistro

162 1158 204 1193 et
243 1151 444 1193 fratribus
490 1151 649 1190 ordinis
698 1151 1018 1202 predicatorum.
1067 1150 1256 1191 Salutem
1298 1154 1340 1190 et
1377 1150 1647 1202 apostolicam
1686 1150 2036 1191 benedictionem.

160 1222 264 1264 Cum
299 1225 588 1274 paupertatem
622 1224 665 1260 et
696 1221 819 1260 uitam
854 1217 1125 1270 profiteamini
1157 1220 1417 1273 regularem.
1450 1219 1698 1259 insistentes
1722 1229 1781 1258 ex
1812 1219 1880 1270 pio
1915 1229 2034 1270 quem

160 1292 281 1332 uobis
330 1291 517 1330 dominus
563 1289 796 1340 inspirauit.
843 1288 993 1328 affectu
1034 1289 1395 1343 euangelizationi
1442 1288 1565 1328 uerbi
1612 1287 1681 1327 dei
1729 1299 1809 1340 quo
1860 1288 2036 1339 populus

161 1361 418 1400 christianus
465 1369 637 1398 numero
677 1362 720 1398 et
758 1358 905 1397 merito
943 1357 1173 1409 ampliatur.
1214 1358 1465 1397 auctoritate
1509 1357 1765 1408 presentium
1803 1356 2036 1397 inhibemus

161 1440 215 1469 ne
249 1429 342 1480 quis
376 1431 471 1480 post
510 1427 669 1467 ordinis
709 1427 842 1466 uestri
884 1424 1189 1477 professionem
1228 1426 1282 1466 ab
1325 1426 1473 1466 ordine
1510 1426 1605 1477 ipso
1642 1426 1736 1465 sine
1776 1426 1841 1465 sui
1882 1426 2035 1476 pr10ris

163 1498 356 1539 discedat
396 1498 579 1537 licentia.
619 1496 906 1536 discedentem
947 1506 1051 1535 uero
1091 1496 1254 1547 absque
1297 1495 1492 1535 cautione
1532 1495 1759 1535 litterarum
1802 1498 2037 1535 nostrarum

160 1568 407 1607 auctoritate
427 1566 602 1606 alicuius
626 1565 840 1619 priuilegii
865 1564 918 1604 ab
937 1564 1170 1615 apostolica
1193 1563 1298 1604 sede
1321 1564 1466 1603 indulti
1490 1564 1626 1603 nullus
1653 1563 1809 1603 audeat
1824 1568 2032 1604 retraere.

160 1636 273 1676 Nulli
305 1646 417 1690 ergo
451 1635 614 1675 omnino
647 1634 851 1674 hominum
884 1634 1011 1673 liceat
1042 1633 1153 1673 hanc
1186 1634 1387 1687 paginam
1421 1636 1566 1672 nostre
1595 1631 1850 1672 inhibitionis
1884 1630 2035 1672 infrin-

161 1716 273 1761 gere
305 1705 374 1744 uel
407 1705 448 1744 ei
480 1716 586 1744 ausu
618 1704 842 1744 temerario
876 1703 1104 1742 contraire.
1167 1702 1215 1743 Si
1244 1702 1336 1753 quis
1369 1705 1505 1742 autem
1537 1701 1617 1741 hoc
1650 1704 1899 1752 attemptare
1932 1712 2035 1752 pre-

162 1774 398 1826 sumpserit.
447 1773 781 1828 indignationem
831 1771 1123 1823 omnipotentis
1170 1771 1252 1810 dei.
1306 1774 1349 1810 et
1395 1770 1611 1810 beatorum
1656 1769 1776 1810 Petri
1824 1773 1867 1809 et
1914 1770 2036 1810 Pauli

162 1843 441 1895 apostolorum
474 1843 565 1882 eius
598 1853 647 1882 se
679 1842 845 1882 nouerit
876 1842 1151 1880 incursurum.
1208 1840 1359 1880 Datum
1390 1839 1598 1880 Laterani
1629 1839 1707 1878 111.
1740 1838 1888 1879 Nonas
1919 1838 2035 1879 Julii.

164 1909 434 1952 pontificatus
466 1911 597 1951 nostri
631 1922 743 1950 anno
777 1909 1102 1962 quartodecimo.

474 2001 529 2034 Ex
552 2001 752 2044 originali
776 2002 958 2033 conventus
981 1998 1283 2032 olomucensis,

969 2131 1230 2175 CCCXXII.

165 2219 404 2274 Gregorius
425 2233 539 2273 papa
563 2220 646 2261 IX.
669 2218 880 2273 fratribus
904 2218 1070 2259 ordinis
1098 2217 1442 2271 praedicatorum
1473 2216 1674 2269 indulget,
1697 2219 1745 2257 ut
1767 2215 1826 2257 ad
1847 2217 2036 2270 officium

164 2290 440 2330 correctionis
473 2291 515 2329 et
539 2290 792 2329 visitationis
823 2288 1058 2328 aliorumve
1098 2286 1422 2340 impendendum
1453 2298 1538 2326 non
1580 2289 1808 2326 teneantur.
1871 2287 2033 2326 Datum

637 2358 860 2409 Laterani,
890 2356 1032 2410 pridie
1060 2356 1209 2397 Nonas
1235 2355 1362 2408 Julii,
1401 2354 1556 2396 1240.

296 2427 562 2502 Gregorius
595 2447 821 2499 episcopus
853 2457 1006 2487 seruus
1039 2457 1258 2486 seruorum
1299 2445 1380 2486 dei.
1443 2445 1623 2486 Dilectis
1664 2443 1758 2484 filiis
1791 2474 1801 2484 .
1834 2474 1846 2484 .
1877 2443 2034 2498 Magi-

164 2520 252 2558 stro
286 2521 329 2557 et
360 2514 560 2557 fratribus
587 2516 745 2557 ordinis
765 2513 939 2557 fratrum
962 2515 1285 2568 predicatorum.
1317 2514 1506 2558 Salutem
1533 2517 1575 2555 et
1602 2513 1873 2566 apostolicam
1897 2513 2035 2553 bene-

1611 2580 1724 2624 47²³ss
