2212 2876
1036 108 1140 149 345

953 248 1220 293 CCXCVII.

148 343 374 395 Roberlus,
415 345 639 397 episcopus
683 343 992 397 olomucensis,
1034 347 1256 399 confirmat
1292 346 1584 399 fundationem
1624 348 1846 402 hospilalis
1885 354 2022 392 sanc-o·

194 412 385 465 Spiritus
418 417 512 453 αηῐε
543 414 754 465 Bramme,
785 415 855 466 pie
884 414 1044 466 factam
1076 427 1102 454 (ι
1134 415 1355 467 Βιιιζᾳενο,
1390 417 1480 456 cire
1518 418 1752 459 Brunca-si.
1815 421 1977 461 Datum

816 484 862 522 in
892 483 1148 534 ,nomem-e,
1197 485 1218 524 1·
1230 484 1352 526 238.

205 589 255 644 ’ξπ
290 575 350 636 Iu
385 595 549 634 nomine
589 598 738 634 sancte
785 595 982 635 trinitatis
1024 600 1066 636 et
1107 596 1318 636 indiuidue
1357 598 1540 637 unitatis.
1581 611 1715 640 amen«
1777 602 2025 643 Rvobertus

149 663 218 704 dei
251 665 395 719 gratia
415 719 417 722 Α
439 663 730 704 olomucensis
764 665 991 715 episcopus
1033 665 1221 704 omuibus
1255 664 1415 707 Christi
1456 666 1645 707 fidelibus
1680 669 1720 708 in
1753 681 1829 710 sua
1863 670 2024 712 diocesi

149 733 385 772 constitutis
420 733 596 772 salutem
635 733 675 772 in
711 732 872 772 domino
912 734 1021 773 ‚Iesu
1055 732 1242 774 Christo.
1303 735 1421 775 Inter
1461 748 1591 787 opera
1626 738 1792 788 pietatis
1832 750 1913 792 que
1947 752 2025 781 se-

148 802 325 841 cuudum
358 802 585 853 apostolum
618 802 932 853 promissionem
953 802 1111 843 habent
1144 805 1229 842 vite
1261 812 1485 855 que'nunc
1519 810 1585 845 est
1613 807 1771 857 pariter
1804 811 1847 848 et
1869 807 2021 850 future.

148 870 455 922 hospitalitates
495 871 616 910 nobis
664 871 907 922 specialiter
947 874 988 910 et
1028 869 1273 923 frequenter
1322 872 1462 912 diuina
1502 876 1710 926 scriptura
1752 878 2025 919 commendat.

149 944 293 992 vtpote
328 951 408 992 que
435 940 503 979 illa
538 940 672 979 omnia
699 939 1027 990 comprehendit.
1060 945 1233 991 propter
1260 953 1379 992 quam
1405 942 1592 982 dominus
1618 945 1658 983 in
1691 945 1829 985 ultime
1855 947 2024 988 discus-

150 1010 284 1049 sionis
316 1009 510 1048 examine
544 1009 919 1050 remunerationum
953 1020 1001 1048 se
1035 1009 1169 1048 bonos
1203 1014 1244 1049 et
1276 1011 1405 1050 malos
1439 1013 1595 1052 asserit
1628 1015 1874 1064 luminu-um.
1928 1017 2025 1057 Hoc

151 1080 257 1118 enim
299 1078 434 1129 pascit
473 1079 729 1133 esurientes.
767 1078 969 1117 sicientes
1020 1082 1147 1129 potat.
1187 1079 1351 1133 colligit
1392 1080 1580 1132 hospites
1632 1083 1765 1122 nudos
1804 1086 1943 1126 uestit.
1983 1091 2027 1127 et

150 1159 231 1187 non
265 1148 396 1186 solum
430 1145 609 1186 infirmos
643 1147 798 1186 visitat.
832 1146 909 1185 sed
944 1158 1084 1186 eorum
1119 1148 1157 1186 iu
1184 1159 1233 1187 se
1267 1147 1522 1189 infirmitates
1555 1163 1776 1193 assumens
1810 1152 2025 1196 infirman-

149 1217 244 1257 tium
279 1228 419 1256 curam
452 1217 560 1270 agit.
594 1217 633 1254 in
667 1227 847 1255 carcere
881 1217 1025 1267 positis
1066 1217 1274 1257 subuenit.
1308 1222 1350 1257 et
1382 1219 1532 1270 quibus
1567 1221 1674 1260 vinis
1716 1222 1756 1261 in
1789 1221 2023 1265 infirmitate

150 1287 436 1326 communicat.
479 1286 701 1337 participat
740 1286 779 1324 in
814 1286 1028 1336 sepultura
1068 1284 1288 1326 defunctis,
1352 1287 1438 1327 Per
1478 1288 1598 1338 hanc,
1627 1291 1797 1342 qvidam
1834 1293 2026 1348 Angelis

150 1356 338 1406 receptis
382 1355 560 1406 hospitio
604 1355 866 1406 placuerunt.
900 1367 990 1394 cum
1030 1355 1246 1395 Abraham
1280 1360 1323 1395 et
1353 1356 1464 1396 Loth
1504 1357 1776 1409 hospitalitati
1817 1366 2027 1404 uacantes

151 1425 338 1479 angelos
370 1427 609 1463 meruerunt
651 1423 867 1475 hospitari.
902 1435 978 1475 per
1017 1436 1122 1476 quos
1157 1425 1371 1464 Abraham
1414 1426 1491 1465 iam
1524 1438 1661 1468 senex
1694 1427 1831 1470 future
1863 1433 2028 1473 sobolis

152 1494 468 1546 promissionem
510 1493 689 1544 accepit.
739 1497 780 1532 et
822 1493 932 1533 Loth
972 1491 1049 1533 suit.
1093 1493 1146 1533 de
1186 1494 1382 1534 incendio
1430 1495 1646 1536 liberatus.
1712 1498 1807 1539 Duo
1856 1512 2023 1553 quoque

152 1563 342 1614 discipuli
378 1563 445 1614 qui
479 1563 625 1602 Jesum
659 1562 845 1613 hospicio
879 1566 1133 1617 coegerunt.
1168 1574 1290 1614 qvem
1324 1564 1364 1603 iu
1398 1566 1663 1615 expositione
1697 1571 1907 1619 scripture
1939 1583 2024 1612 non

154 1636 373 1673 nouerunt.
413 1633 452 1671 iu
488 1632 608 1683 panis
647 1629 854 1671 fractione
888 1635 1108 1671 nouerunt.
1171 1632 1258 1672 Per
1297 1633 1407 1672 hanc
1449 1634 1699 1685 superfluam
1741 1637 1908 1678 diuitum
1941 1651 2023 1691 que

153 1705 433 1756 congregata
459 1699 550 1741 sore
575 1705 852 1741 seruarentur
876 1701 929 1740 ad
955 1705 1124 1740 mortem
1151 1701 1191 1740 in
1224 1704 1507 1743 necessitates
1530 1716 1757 1756 pauperum
1783 1712 2025 1763 erogantur

151 1770 208 1811 ad
251 1771 389 1809 uitam.
452 1770 541 1810 Per
580 1770 688 1810 hanc
735 1774 906 1810 terrena
949 1770 989 1809 in
1032 1770 1210 1810 celestia
1258 1775 1300 1811 et
1341 1773 1585 1813 transitoria
1633 1775 1674 1814 iu
1714 1779 1863 1816 eterna
1910 1776 2024 1818 felici

153 1840 398 1880 commercio
432 1843 742 1878 commutantur.
775 1838 872 1878 dum
908 1850 985 1890 per
1016 1851 1161 1879 manus
1194 1852 1422 1891 pauperum
1463 1842 1797 1884 thesaurizamus
1830 1846 1871 1885 in
1905 1847 2027 1887 celis,

155 1909 223 1948 ubi
257 1920 336 1948 uec
369 1919 510 1962 erugo
543 1919 622 1948 nec
655 1909 769 1947 tinea
796 1907 1026 1947 demolitur.
1059 1912 1101 1948 et
1133 1909 1203 1949 ubi
1230 1908 1346 1950 sures
1380 1923 1461 1950 uon
1487 1910 1683 1952 effodiunt
1715 1925 1794 1954 uec
1818 1913 2023 1956 furantur.

156 1981 198 2018 et
230 1975 404 2017 facimus
445 1977 566 2016 nobis
601 1977 652 2016 de
685 1989 911 2016 mammona
951 1977 1180 2029 iuiqvitatis
1221 1981 1390 2019 amicos.
1431 1982 1500 2033 qvi
1541 1993 1630 2021 cum
1671 1981 1949 2025 defecerimus
1983 1986 2023 2025 in

156 2050 305 2087 eterna
332 2046 608 2086 tabernacula
641 2058 718 2086 nos
745 2046 974 2086 admittant.
1021 2047 1149 2087 Vnde
1182 2052 1332 2088 noscat
1356 2054 1435 2088 tam
1469 2061 1649 2100 presens
1683 2051 1885 2092 homiuum
1919 2058 2025 2095 etas.

157 2128 279 2168 qvam
315 2116 355 2154 in
389 2113 560 2156 Clu-isto
593 2127 850 2156 successura
886 2116 1127 2167 posteritas.
1168 2117 1278 2168 qvod
1312 2130 1389 2157 nos
1423 2119 1476 2158 ad
1510 2121 1756 2171 peticionem
1789 2123 1937 2163 ciuium
1971 2124 2025 2163 de

156 2186 343 2225 Bruuna.
374 2185 511 2224 Deum
536 2196 610 2236 pre
636 2186 767 2225 oculis
791 2186 1041 2225 habentium.
1063 2185 1196 2225 locum
1221 2187 1428 2238 qvendam
1453 2199 1572 2240 qvem
1599 2190 1763 2242 qvidam
1790 2192 2025 2244 Rudyerm

160 2255 324 2294 nomine
364 2254 470 2294 ciuis
507 2255 774 2295 Brunuensis
814 2266 905 2295 cum
944 2267 1022 2295 sua
1069 2255 1256 2310 coniuge
1297 2256 1493 2297 Hosion-a
1535 2260 1696 2299 nomine
1743 2260 1885 2301 diuino
1923 2267 2023 2303 nutu

157 2324 340 2363 excitati.
374 2334 456 2362 non
489 2323 618 2363 solum
652 2336 731 2375 pro
760 2336 840 2364 sua
872 2335 1017 2364 verum
1043 2325 1164 2363 etiam
1197 2337 1363 2366 suorum
1391 2327 1740 2378 predecessorum
1775 2334 1816 2370 et
1849 2333 2023 2372 omnium

157 2391 333 2431 fidelium
374 2395 456 2432 tam
497 2393 687 2432 viuorum
729 2404 850 2445 quam
898 2395 1043 2439 etiam'
1067 2392 1357 2435 defunctorum
1396 2397 1534 2437 salute
1583 2398 1635 2438 de
1684 2400 1861 2451 propriis
1900 2401 2022 2441 bonis

157 2464 359 2501 emerunt.
400 2464 442 2501 et
479 2461 521 2500 in
561 2461 708 2502 eodem
747 2462 839 2502 loco
882 2463 921 2502 in
964 2460 1138 2503 edificiis
1178 2466 1474 2505 construendis
1516 2466 1643 2508 LXX
1676 2480 1840 2509 marcas
1872 2470 2023 2510 ualens

158 2530 467 2582 expenderunt.
498 2530 551 2570 ad
584 2531 791 2583 hospitale
815 2531 966 2572 ibidem
999 2530 1284 2574 edificandum.
1319 2535 1428 2576 etin
1461 2535 1606 2578 eodem
1639 2537 1731 2577 loco
1764 2540 2027 2590 cymiterivm

1639 2606 1712 2647 44
