2212 2876
944 135 1155 197 —273

171 279 325 319 abbate
353 280 650 318 commutantes
684 289 740 317 ex
773 277 876 329 ipsis
903 277 1088 318 decimas
1118 280 1324 330 percipiat
1346 278 1453 318 idem
1485 278 1638 339 abbffs.
1650 270 1822 335 integre
1846 281 2035 334 vti-isque

170 348 309 399 plene.
372 347 635 387 Postmodum
683 350 819 387 autem
867 346 1000 387 abbas
1047 347 1213 386 cenobii
1260 349 1469 398 prenotati
1509 348 1672 387 nomine
1720 348 1943 389 Florianus
1983 350 2036 390 ad

170 421 351 456 nostram
398 417 664 467 presenciam
720 415 965 455 accedendo
1016 415 1139 454 nobis
1195 412 1400 455 numiliter
1446 416 1709 467 supplicauit.
1768 421 1811 457 ut
1859 417 2036 458 eandem

170 489 353 524 nostram
388 485 659 524 donacionem
692 489 734 524 et
772 489 817 523 ut
847 495 990 523 uerum
1022 483 1226 524 fateamur
1258 486 1622 525 commutacionem
1664 488 1795 525 ratam
1827 485 2036 526 habentes

171 558 295 605 atque
330 552 557 593 firmissima
583 554 831 593 auctoritate
864 554 990 607 regia
1015 552 1363 593 confirmaremus.
1418 554 1509 593 Nos
1542 565 1646 593 vero
1671 555 1804 605 ipsIus
1836 555 2036 606 precibus

172 623 372 662 inclinati.
405 627 448 662 et
480 624 577 675 quia
610 624 742 661 eciam
774 622 854 661 hoc
881 620 1032 661 factum
1066 623 1172 674 pium
1206 625 1272 661 est
1304 625 1346 661 et
1377 622 1608 662 honestum.
1641 622 1817 662 eandem
1850 626 2034 663 nostram

173 691 446 731 donacionem
479 695 521 730 et
553 692 915 730 commutacionem
953 695 1084 730 ratam
1117 691 1326 730 habentes
1367 695 1408 730 et
1440 689 1593 730 firmam
1625 693 1873 731 auctoritate
1907 693 2036 747 regia

171 758 472 799 confirmamus.
505 761 636 811 ipsam
669 771 751 799 non
784 760 1060 811 personalem.
1093 763 1159 799 set
1191 760 1479 799 vniuersitatis
1512 760 1603 799 siue
1637 760 1821 800 ecclesie
1854 761 2037 815 intelligi

171 829 379 867 volentes.
427 833 551 880 atque
601 827 884 868 decernentes
927 839 981 867 ne
1028 829 1108 867 hoc
1154 831 1235 867 tam
1281 828 1524 879 sollempne.
1573 829 1681 879 pium
1728 839 1780 867 ac
1818 828 2038 869 honestum

171 895 322 936 factum
355 898 481 937 liceat
520 899 783 948 imposterum
817 897 1004 949 cuiquam
1044 896 1247 936 hominum
1280 897 1507 936 immutare.
1541 900 1608 936 set
1648 900 1852 948 perpetuo
1885 895 2038 937 firmum
2052 890 2062 903 ““

173 970 215 1005 et
246 966 398 1005 stabile
431 969 694 1018 perseueret.
743 965 810 1004 Ad
846 965 966 1004 huius
999 966 1140 1017 itaque
1166 969 1309 1004 nostre
1344 966 1589 1005 donacionis
1623 969 1665 1005 et
1697 967 2037 1006 commutacionis

173 1038 416 1086 perpetuam
456 1035 689 1074 memoriam
730 1037 771 1073 et
804 1034 1042 1073 inuiolabile
1084 1032 1377 1074 firmamentum
1411 1045 1590 1086 presens
1631 1035 1899 1089 priuilegium
1933 1047 2038 1074 con-

172 1104 298 1142 scribi
333 1102 520 1142 fecimus.
561 1107 603 1142 et
635 1103 767 1157 sigilli
808 1104 938 1142 nostri
973 1103 1126 1142 robore
1169 1104 1420 1143 communiri.
1483 1103 1662 1143 Nomina
1703 1108 1842 1143 avtem
1874 1103 2039 1143 testium

173 1175 269 1211 sunt
302 1172 394 1211 hec.
428 1171 643 1211 Robertus
678 1172 967 1212 olomucensis
1002 1172 1240 1223 episcopus.
1273 1173 1413 1213 Zvezt
1445 1173 1580 1212 abbas
1606 1172 1888 1212 trebecensis.
1921 1172 2039 1212 Her-

170 1253 344 1280 mannus
377 1243 614 1292 prepositus
638 1241 1012 1280 Lutomericensis.
1048 1240 1142 1280 Otto
1168 1242 1425 1280 castellanus
1460 1242 1512 1281 de
1547 1242 1685 1281 donin.
1718 1241 1787 1281 XV
1790 1253 1832 1280 rs
1866 1239 2038 1282 Castel-

172 1310 294 1349 lanus
343 1311 382 1349 in
432 1311 579 1350 znoim.
628 1310 825 1349 Pomnen.
874 1309 1106 1349 llartlibus.
1153 1310 1341 1350 Bohusa.
1397 1310 1643 1364 &Villiamlls
1692 1311 1897 1361 pincerna
1947 1322 2039 1350 cum

172 1376 384 1418 fratribus.
409 1376 651 1418 Howorish.
686 1380 912 1418 Ileinricus
938 1379 1156 1430 Pribramj.
1190 1379 1454 1419 Branizlaus.
1488 1379 1647 1418 Paulus
1674 1378 1816 1433 iudex.
1848 1379 2039 1418 Lutobor

173 1459 264 1487 cuin
296 1446 508 1486 fratribus.
551 1448 710 1499 Lupus.
750 1449 917 1487 Vin-icus
961 1449 1225 1502 sagittarius.
1259 1448 1554 1487 Theodericus
1588 1444 1644 1486 de'
1681 1448 1838 1486 Vetov.
1873 1448 2037 1487 Ztona-

173 1517 258 1555 rius
299 1518 567 1556 camerarius.
622 1517 865 1556 Bohuzlaus
906 1518 1163 1556 castellanus
1210 1516 1262 1556 de
1301 1517 1520 1556 XVranow
1568 1516 1713 1555 Wsoco
1758 1519 1800 1554 et
1838 1516 2038 1555 Andreas

174 1583 239 1624 filii
273 1586 416 1624 Benes
450 1586 502 1625 de
526 1586 778 1625 Benessow.
807 1586 941 1637 Oztoy
974 1597 1063 1625 cum
1095 1584 1239 1636 fratre.
1272 1585 1566 1625 Theodericus
1598 1585 1774 1624 villicus.
1807 1584 2038 1624 Wibertus

173 1654 411 1705 prepositus
435 1655 571 1694 sancti
596 1655 752 1705 ypolitj.
786 1655 1006 1708 Magister
1035 1654 1250 1694 Zdizlaus.
1284 1655 1503 1708 Magister
1527 1653 1784 1705 Stephanus.
1813 1652 2038 1694 Sdezlaus.

172 1722 436 1762 Lambertus.
469 1723 698 1762 Mattheus.
748 1724 896 1768 Actum
931 1723 969 1761 in
1004 1725 1137 1762 znoim
1171 1735 1280 1762 anno
1314 1724 1624 1762 incarnacionis
1658 1722 1861 1762 dominice
1893 1721 2038 1762 Mille-

172 1792 274 1831 simo
309 1789 397 1832 CC.
433 1792 599 1831 xxvl.
633 1792 865 1831 Indictione
899 1792 1041 1832 xlm.
1075 1792 1197 1832 Xlll.
1230 1792 1451 1831 Kalendas
1487 1791 1697 1832 Octobris.

482 1891 536 1923 Ex
561 1892 750 1933 originali
775 1901 847 1923 cum
871 1891 979 1933 sigillo
1003 1892 1116 1923 illaeso
1140 1893 1328 1924 monasterii
1351 1892 1532 1933 Lucensis3
1556 1891 1641 1933 sign.
1663 1890 1706 1922 H.
1730 1889 1765 1921 4.

1003 2065 1204 2108 CLXIX.

176 2159 402 2211 otakarus,
443 2161 514 2211 que?
545 2163 584 2199 el
619 2159 833 2212 Pronus-st,
873 2162 1078 2201 Boemiae
1117 2174 1215 2215 rez-⁷
1251 2161 1510 2214 fundaturus
1544 2160 1766 2200 ecclesiam
1799 2160 1842 2198 in
1875 2157 2035 2212 K073J'm

172 2229 325 2278 statuit,
364 2230 410 2267 ut
439 2229 494 2266 sit
530 2229 621 2280 filia
654 2230 857 2269 ecclesiae
898 2243 932 2269 s,
969 2231 1089 2270 Petra·
1127 2231 1318 2281 Branae,
1359 2233 1396 2270 et
1428 2229 1609 2269 dicimae
1647 2228 1798 2268 ibidem
1837 2227 1895 2268 ad
1925 2228 2036 2268 hanc

660 2299 906 2349 pertineant.
970 2300 1120 2338 Aetam
1152 2299 1344 2352 anae.
1384 2298 1536 2337 1226.

302 2389 362 2448 In
405 2408 568 2446 nomine
610 2412 758 2448 sancte
801 2413 842 2448 et
881 2409 1091 2449 indiuidue
1133 2410 1340 2449 trinitatis.
1380 2410 1528 2448 Amen.
1593 2408 1845 2462 Othacarus7
1890 2409 1959 2460 qui
1992 2411 2035 2448 et

174 2476 363 2530 Premisl⁷
389 2476 456 2515 dei
489 2477 631 2530 gratia
655 2477 931 2517 Bohemorum
965 2490 1057 2533 rex,
1090 2478 1301 2518 uniuersis
1328 2479 1368 2517 in
1396 2476 1566 2519 Christo
1593 2476 1783 2517 fidelibus
1817 2481 1896 2516 tam
1930 2488 2032 2528 pre-

174 2545 377 2598 sentibus7
410 2556 531 2596 quam
563 2543 725 2585 suturis.
779 2546 835 2588 Ut
868 2558 933 2601 ea⁷
967 2558 1047 2599 que
1080 2559 1107 2587 a
1139 2547 1260 2587 nobis
1291 2547 1466 2598 prouide
1500 2551 1541 2587 et
1573 2547 1856 2599 sollempniter
1888 2545 2033 2597 dispo-
