2212 2876
1025 107 1131 168 ee?

962 249 1202 292 CCXLIV.

146 347 358 399 Ptemysl,
392 347 584 387 marchio
608 345 846 395 norm-iae,
882 346 1048 398 confert
1069 346 1324 385 monasterio
1351 343 1647 386 Oslowanensz·
1667 345 1747 398 jus
1769 348 2017 398 patronatus

623 417 626 419 ’
702 415 907 454 ecclesiae
939 416 983 454 in
1016 414 1231 454 Jloleelno.
1302 415 1455 454 1234.
1602 405 1607 418 ¹

275 509 493 570 Omnibus
525 520 683 569 Christi
715 526 909 568 fidelibus
944 528 1161 578 presentia
1192 527 1350 566 visuris
1390 527 1432 566 in
1466 534 1724 578 perpetuum.
1773 526 2017 578 P[1·emysl]

143 597 341 637 Marchio
382 598 611 638 Moravv‘ie
651 597 827 636 salutem
876 597 917 635 in
961 594 1145 637 Christo.
1210 595 1413 645 Quoniam
1439 601 1593 636 ,morte
1635 599 1825 650 cogente
1874 607 2017 650 regna

144 671 351 706 mutantur
390 671 704 718 et-potestates
745 667 838 705 ivra
880 667 1001 705 etiam
1041 669 1083 705 et
1123 665 1424 705 sollicitudines
1458 666 1499 704 in
1541 665 1736 705 diuersas
1772 663 2018 705 ‹transfor-

143 740 306 776 mantur
340 747 547 787 personas
568 740 633 775 'ne
660 735 712 774 de
745 739 1062 783 antecessorum
1094 733 1204 774 sacto
1230 734 1339 785 apud
1371 738 1566 785 posteros
1590 734 1800 774 dubitetur
1832 745 2018 775 necesse

145 809 212 846 est
252 809 297 845 ut
336 807 440 856 ipsis
481 805 664 856 posteris
706 803 822 844 fidem
864 803 1021 844 saciant
1060 805 1308 854 scriptorum
1351 801 1527 842 fidelium
1570 804 1859 843 auctoritates.
1925 802 2017 852 Quo

145 875 262 914 circa
297 875 454 925 scripto
487 875 751 925 presentifet
783 873 928 927 sigillo
965 874 1228 913 vniuersitati
1252 876 1398 911 uestre
1432 870 1609 911 fideliter
1643 873 1941 912 innotescimus
1976 875 2018 912 et

145 947 348 994 perpetue
389 943 585 982 memorie
619 943 952 981 commendannls
993 942 1089 993 quia
1131 942 1194 980 ius
1240 944 1484 992 patronatus
1528 941 1714 981 ecclesie
1756 941 1808 981 de
1849 941 2019 982 Molaeiln

144 1015 348 1064 perpetuo
382 1013 472 1051 iure
505 1015 548 1051 et
576 1012 752 1065 integro
787 1022 867 1062 quo
901 1022 978 1049 nos
1014 1010 1108 1050 illud
1142 1010 1347 1050 hactenus
1382 1010 1644 1061 possedimus
1678 1011 1923 1050 contulimus
1955 1010 2017 1051 Μ.

145 1081 364 1121 abbatisse
404 1083 446 1120 et
485 1081 710 1120 conuentui
751 1081 843 1120 eius
882 1081 922 1119 in
967 1079 1173 1120 Ozlauum
1212 1080 1502 1118 cisterciensis
1544 1080 1702 1119 ordinis
1742 1080 1935 1119 volentes
1977 1085 2019 1120 et

144 1153 390 1189 constanter
422 1149 500 1189 sub
543 1150 715 1189 obtentu
748 1150 902 1203 gracie
944 1152 1089 1188 nostre
1122 1149 1305 1203 singulis
1346 1151 1388 1188 et
1431 1148 1618 1189 omnibus
1659 1149 1942 1201 precipientes
1975 1153 2019 1189 ut

145 1219 255 1259 sicut
286 1219 407 1258 nobis
432 1219 491 1258 ita
523 1229 601 1270 per
629 1220 762 1257 omnia
798 1218 921 1257 dictis
950 1218 1167 1257 abbatisse
1201 1222 1242 1257 et
1272 1218 1497 1257 conuentui
1530 1221 1756 1269 presentes
1784 1222 1826 1258 et
1858 1219 2019 1270 posteri

144 1288 431 1339 respondeant
463 1292 505 1327 et
538 1288 767 1327 obaudiant
799 1287 851 1327 (le
886 1288 993 1327 omni
1026 1288 1119 1327 ivre
1153 1298 1232 1339 quo
1273 1287 1481 1327 hactenus
1514 1287 1636 1327 nobis
1670 1290 1737 1328 est
1769 1298 2018 1339 responsum

145 1360 187 1397 et
220 1357 415 1408 quicquid
458 1358 498 1396 in
533 1358 719 1396 ecclesia
762 1357 873 1396 dicta
917 1357 1192 1396 ordinandum
1233 1356 1401 1396 duxerit
1439 1357 1519 1396 hoc
1560 1360 1693 1396 ratum
1733 1356 1785 1395 ab
1829 1355 2017 1395 omnibus

144 1426 442 1465 inviolabiliter
474 1425 694 1465 habeatur.
747 1426 896 1464 Datum
930 1438 1040 1465 anno
1074 1426 1227 1480 gracie
1260 1426 1321 1465 M.
1356 1423 1444 1466 CC.
1470 1425 1615 1465 XXX.
1649 1428 1809 1477 quarto.
1860 1425 2018 1464 Testes

144 1495 347 1534 Dominus
381 1495 605 1546 episcopus
640 1494 930 1535 olomucensis
963 1495 1105 1534 Wrso
1133 1495 1186 1534 de
1220 1495 1381 1545 Ζηομη
1415 1495 1661 1534 Hartliebus
1692 1494 1840 1534 Woco
1874 1506 2018 1533 came-

144 1565 284 1603 rarius
321 1564 385 1602 W
388 1565 470 1603 οη(
475 1563 527 1603 ch
553 1562 656 1603 filius
690 1563 898 1614 Stephani
925 1564 977 1603 de
1011 1563 1175 1603 medlov
1202 1565 1311 1603 llrut
1343 1563 1544 1614 Η)13ι·ἰιι8
1571 1564 1758 1604 notarius
1794 1562 2017 1605 Cumadus

144 1634 286 1673 scriba
320 1636 362 1672 et
393 1644 537 1673 omnes
571 1633 754 1672 curiales
788 1634 905 1673 cuiie
939 1636 981 1673 et
1014 1633 1083 1672 alii
1118 1644 1238 1685 quam
1271 1633 1428 1684 plures.

455 1732 510 1764 Ex
534 1732 730 1775 originali
754 1733 786 1765 in
809 1732 946 1765 archivo
970 1731 1120 1774 ejusdem
1144 1733 1344 1765 monasterii.

974 1907 1197 1951 CCXLV.

145 2002 372 2055 Robertus,
414 2003 709 2045 alomna-ensis
752 2005 989 2057 episcopus,
1016 1996 1284 2044 *monasterio
1328 2003 1625 2045 Oslowanensi
1650 2004 1731 2057 J'us
1768 2006 2016 2057 patronatus

177 2073 381 2112 ecclesiae
412 2071 464 2112 de
496 2073 698 2113 Molzelno
732 2074 930 2113 collatum
969 2086 995 2113 a
1026 2072 1273 2113 marchione
1304 2072 1511 2125 Premysl
1541 2073 1772 2125 confirmat.
1836 2074 1909 2113 Dt.
1943 2074 1987 2113 in

554 2136 765 2195 Motis-icc,
806 2142 905 2184 VII.
939 2142 1166 2182 Kalendas
1200 2141 1408 2194 Octobris5
1447 2141 1601 2182 1234.

277 2234 569 2304 R(0bertus]
604 2254 670 2293 dei
704 2255 859 2308 gracia
886 2254 1173 2294 olomucensis
1207 2255 1446 2306 episcopus.
1495 2252 1694 2295 Omnibus
1720 2252 1876 2295 Christi
1911 2252 2015 2294 lide—

146 2321 255 2361 libus
297 2322 405 2362 hanc
448 2324 649 2377 paginam
690 2324 956 2375 inspecturis.
996 2324 1173 2364 salutem
1212 2324 1252 2362 in
1294 2323 1469 2363 domino.
1531 2323 1710 2363 Nouerit
1757 2323 2015 2363 Vniuersitas

145 2395 298 2431 vestra
330 2392 439 2444 quod
473 2392 703 2444 P[remizl]
730 2393 902 2432 illustris
934 2393 1130 2433 Marchio
1155 2392 1352 2432 Mol-avie
1385 2392 1451 2431 ivs
1474 2395 1718 2444 patronatus
1752 2392 1803 2432 de
1836 2392 2016 2432 Mola-ln

147 2471 223 2512 pro
265 2460 425 2500 honore
467 2461 534 2500 dei
574 2465 617 2500 et
658 2461 850 2515 gloriose
891 2462 1075 2516 virginis
1113 2462 1255 2502 Marie
1294 2462 1435 2501 matris
1475 2457 1566 2500 eiu‘s
1606 2464 1808 2512 perpetuo
1848 2462 1940 2500 ivre
1974 2465 2016 2500 et

147 2529 319 2584 integro
369 2540 449 2582 quo
492 2529 589 2569 illud
638 2530 845 2570 hactenus
887 2530 1077 2581 possedit
1123 2531 1294 2570 contulit
1339 2530 1400 2571 M.
1443 2530 1662 2570 abbatisse
1709 2534 1751 2570 et
1792 2530 2014 2570 conuentui

1593 2595 1704 2639 34³ss
