2212 2876
1044 116 1149 159 287

143 263 275 319 *narie
305 261 565 302 obseruetar.
598 261 786 314 alioquin
817 261 1051 312 quicunque
1083 262 1230 300 contra
1262 259 1342 300 boc
1375 261 1568 300 statutum
1600 262 1791 300 nostrum
1821 261 2027 301 uiolenter

153 332 286 382 efferii
322 334 363 371 et
392 331 573 371 ecclesia
610 331 658 371 in
687 331 827 383 ipsum
867 331 936 369 ius
967 341 1091 369 suum
1130 329 1384 368 eoeercuerit.
1425 341 1520 368 cuzn
1543 329 1821 381 ,querimonia
1857 329 1919 369 ad
1948 342 2026 370 nos

152 412 237 440 non
274 403 472 440 recurrat
511 399 589 440 sed
618 400 710 439 sine
742 401 888 439 nostra
927 399 1090 451 offensa
1129 398 1413 437 eeclesiastice
1436 399 1650 438 'sententie
1686 410 1767 450 que
1805 399 1849 438 in
1887 399 2025 451 ipsum

152 470 237 509 lala
266 470 402 522 faerit
431 468 646 509 subiaceat
675 467 809 508 donec
841 468 1092 520 satisfaciat.
1132 479 1184 506 ac
1216 467 1415 520 deinceps
1447 468 1671 508 ecclesiam
1709 478 1796 507 non
1828 467 2023 520 offendat.

151 537 347 579 Ceterum
379 540 477 590 quia
516 551 594 591 per
625 537 828 577 nobilium
867 540 1110 576 nostrorum
1142 537 1281 587 mayis
1321 548 1446 588 quam
1481 549 1559 588 per
1598 537 1843 589 principum
1871 539 2023 589 poten-

151 608 260 646 ciam
290 607 558 660 presbyteros
597 607 668 647 uel
699 607 879 646 clericos
918 604 1105 645 iudicari
1136 605 1392 645 audiuimus.
1425 606 1496 657 qui
1533 608 1646 645 sorte
1679 605 1746 645 dei
1777 609 1876 645 sunt
1905 606 2024 645 electi

150 675 208 715 ad
238 676 398 717 iudicia
432 676 627 729 compelli
656 676 862 715 uiolenter
900 678 947 715 ut
976 676 1179 714 assistant
1208 675 1459 726 responsuri
1497 677 1536 714 et
1566 675 1683 726 ipsos
1715 677 1911 726 amquam
1944 687 2022 714 ru-

149 745 277 784 sticos
308 745 449 785 uendi.
487 745 674 784 uolentes
706 743 886 784 reddere
923 755 1002 795 que
1034 744 1121 783 Dei
1158 746 1256 783 sunt
1286 743 1364 783 deo
1396 756 1422 783 a
1454 756 1534 795 quo
1575 743 1774 783 babemus
1806 745 2022 784 uniuersa.

149 815 370 853 statuimus
399 817 447 854 ut
476 815 608 865 siquis
642 825 700 852 em
729 812 986 865 presbyteris
1019 813 1237 853 canonicis
1269 813 1339 852 uel
1371 813 1540 852 clericis
1579 812 1637 852 ad
1667 812 1871 852 iudicium
1903 824 2021 852 com-

148 894 272 922 mune
300 884 435 935 suerit
471 885 670 923 euocatus
700 894 778 934 per
819 881 1002 921 iudicem
1040 882 1111 921 uel
1151 881 1430 934 beneficorum
1471 885 1713 921 nostrorum
1750 882 1930 921 nuncios
1964 894 2022 920 αι·

145 954 267 1003 parte
299 953 442 992 castri.
478 964 557 1004 per
589 963 636 990 se
675 951 745 990 uel
780 963 858 1003 per
898 951 1189 1003 responsalem
1226 952 1427 990 nuncium
1467 963 1588 989 suum
1629 953 1901 1002 compareant
1936 961 2021 989 non

147 1019 404 1060 iudicandus
435 1020 513 1060 sed
543 1023 699 1060 tantum
729 1018 953 1059 uidendus.
996 1019 1073 1059 sed
1103 1031 1224 1059 omne
1256 1020 1458 1059 iudicimn
1498 1019 1729 1059 secundum
1761 1022 1910 1059 statuta
1943 1032 2019 1058 ca-

146 1100 302 1129 nonum
334 1079 598 1130 deuoluatur'
617 1089 676 1128 ad
706 1090 949 1141 episcopum
976 1089 1046 1128 uel
1073 1089 1261 1141 prelatos
1289 1089 1583 1129 Olomaccnsis
1617 1089 1792 1128 ecclesie
1824 1089 2019 1140 quatinus

145 1158 376 1198 secundum
404 1170 655 1212 processum
688 1170 816 1198 cause
848 1157 1088 1197 discuciant
1124 1159 1230 1197 inter
1263 1161 1508 1197 accusatum
1541 1161 1579 1197 et
1608 1160 1877 1197 accusantem
1908 1158 2018 1196 utri-

145 1238 222 1278 que
253 1228 322 1268 ius
354 1239 476 1268 suum
508 1229 811 1280 impercientes.
845 1239 922 1266 nec
952 1227 1149 1266 uolumus
1181 1229 1228 1266 ut
1257 1240 1282 1266 a
1309 1228 1432 1267 laicis
1465 1226 1615 1267 domus
1646 1227 1717 1266 uel
1748 1226 1855 1266 bono
1888 1227 2017 1266 cleri-

145 1308 289 1336 corum
320 1297 625 1350 preuideantur
657 1309 733 1337 seu
764 1295 1055 1336 distrahantur
1079 1307 1156 1335 nec
1188 1296 1373 1336 venditio
1406 1297 1548 1348 aliqua
1580 1295 1632 1335 ab
1664 1297 1771 1348 ipsis
1804 1296 2017 1347 eariyatur.

144 1367 327 1406 Ihaemum
359 1369 502 1406 nostre
534 1366 768 1406 deuotionis
799 1367 917 1417 pium
949 1366 1141 1417 affectam
1185 1366 1362 1405 totaliter
1397 1365 1669 1406 Olomucensi
1702 1365 1879 1404 ecclesie
1911 1365 2017 1417 offe-

145 1439 294 1474 rentes.
329 1435 595 1475 decernitmis
624 1434 819 1474 tabernas
853 1435 1153 1474 canonicorum
1186 1448 1279 1473 esse
1312 1434 1467 1474 liberas
1501 1436 1543 1474 in
1578 1432 1813 1488 Cortorige
1847 1436 1889 1474 in
1925 1435 2016 1473 Ra-

143 1504 246 1556 may
278 1508 318 1543 ct
346 1505 390 1544 in
422 1504 629 1544 montibus
662 1516 740 1556 que
762 1505 887 1556 prius
920 1504 1041 1543 solite
1072 1507 1194 1543 erant
1220 1505 1414 1554 grauari.
1465 1503 1706 1543 Adicientes
1739 1503 1873 1543 eidem
1905 1503 2015 1542 banc

141 1574 322 1623 „qratiam
356 1577 403 1613 ul
426 1575 470 1613 in
497 1572 687 1613 domibus
714 1574 1015 1612 canonicorum
1047 1584 1168 1612 nemo
1193 1573 1417 1612 curialium
1447 1576 1687 1612 nostrorum
1711 1573 1781 1612 uel
1811 1583 2014 1623 quorum-

143 1642 240 1682 libet
269 1642 487 1683 nobiscum
519 1641 830 1682 udnmzienawn
863 1641 1092 1694 hospitetur
1125 1643 1210 1680 nisi
1243 1654 1301 1680 ω·
1327 1645 1472 1680 nostra
1504 1642 1709 1693 peticione
1741 1641 1821 1680 hoc
1850 1641 2017 1693 faciant

143 1724 235 1751 cum
275 1712 511 1763 ,oratiarum
552 1712 725 1750 actione.
790 1709 908 1750 Illud
945 1712 1067 1749 etiam
1108 1710 1221 1762 quod
1257 1711 1387 1762 uulqo
1427 1710 1581 1750 dicitur
1625 1710 1839 1751 Cistotlene
1878 1721 1931 1748 ne
1963 1708 2013 1748 ab

140 1780 379 1821 bominibus
412 1781 589 1820 ecclesie
613 1781 848 1832 accipiatur
881 1778 1128 1819 inhibemus.
1155 1780 1247 1819 siue
1278 1779 1388 1820 illud
1411 1779 1524 1832 quod
1541 1782 1714 1832 propter
1739 1779 2013 1818 euitacionem

139 1851 310 1890 uiarum
357 1850 567 1890 malarum
605 1849 795 1899 exi-qitur
842 1851 881 1888 et
920 1849 1027 1889 solet
1067 1848 1164 1901 fieri
1211 1848 1409 1889 uendicio
1452 1849 1620 1902 penitus
1669 1847 1720 1887 ab
1768 1846 2013 1887 huiusmodi

141 1918 296 1960 liberos
329 1931 422 1959 esse
453 1919 685 1959 statuimus.

451 2010 504 2041 Ex
530 2010 724 2051 originali
748 2009 875 2042 archivi
900 2008 1236 2041 Cremsiriensis.

973 2157 1170 2202 CCLVI.

138 2255 352 2308 Diem-ast,
385 2254 577 2295 marchio
609 2256 847 2307 ..vum-aciae,
878 2255 1025 2296 villam
1051 2255 1296 2295 monasterii
1328 2253 1706 2295 Zabrdowicensis
1738 2252 2005 2305 „I1euiz'‘in

198 2324 392 2364 districtu
432 2324 664 2377 Opariensi
703 2325 826 2364 sitam
857 2324 909 2381 ab
942 2325 1055 2364 omni
1093 2335 1221 2363 onere
1253 2326 1292 2363 et
1321 2324 1518 2363 sercilule
1558 2324 1718 2363 eximit.
1784 2323 1943 2362 Datum

867 2392 1071 2446 Opariae,
1121 2392 1272 2433 1234.

267 2452 328 2513 In
361 2472 525 2512 nomine
551 2471 701 2512 domini
723 2483 857 2512 amen.
905 2469 1113 2511 Nouerint
1137 2470 1326 2510 uniuersi
1359 2474 1438 2510 tam
1473 2470 1630 2522 posteri
1665 2481 1785 2521 quam
1816 2466 2004 2508 moderni

138 2541 282 2592 scripti
317 2541 450 2586 huiusv
466 2543 766 2592 inspectionem
800 2545 842 2581 et
863 2541 1027 2593 copiam
1060 2540 1256 2580 habituri.
1284 2539 1392 2592 quod
1418 2551 1506 2594 ego
1529 2539 1709 2580 Premiiz
1733 2537 2001 2578 miseratione
