2212 2876
1085 112 1190 152 246

197 255 438 294 monasterii
472 257 744 307 permaneant
786 253 894 294 hanc
928 257 1074 293 nostre
1114 252 1441 294 confirmationis
1475 255 1676 309 paginam
1719 257 1954 311 sigillorum
1997 268 2075 296 no-

196 328 374 363 strorum
421 325 641 364 munimine
674 324 886 378 'iussimus
930 324 1137 363 roborari.
1202 324 1338 363 Huius
1388 325 1451 363 rei
1491 328 1627 363 testes
1679 329 1776 365 su'nt
1815 326 1884 365 hii.
1924 326 2076 369 Woch

199 395 472 433 camerarius.
508 379 680 433 Holach
714 394 979 445 purcrauius.
1023 392 1190 433 Prebor
1223 393 1352 433 iudex
1393 392 1713 452 olumucenses.
1753 395 1929 435 Beneda
1962 409 2076 436 mar-

196 463 351 502 salcus
377 462 559 504 Sezema
579 463 783 513 pincerna
808 463 957 503 domini
981 462 1260 502 Marchionis.
1283 462 1447 502 Victor.
1466 463 1587 502 Blud.
1607 463 1790 503 Voitech
1818 464 1869 503 de
1886 465 2076 506 Medlov.

196 530 346 582 Oztoy.
379 530 601 588 thannes
634 532 836 572 decanus.
869 532 1116 571 Radozlaus
1158 519 1496 572 archidiaconus.
1536 532 1719 584 Moyses
1752 533 2076 575 archidiaconus

197 600 559 640 Brecizlauensis.
600 602 722 642 Esav
764 601 1090 641 archidiaconus
1131 587 1432 641 Preroven'sis.
1475 601 1709 642 Nicholaus
1751 602 2077 643 archidiaconus

196 670 475 710 Brunnensis.
510 671 722 710 Henricus
764 671 958 711 canonici
992 670 1310 712 Olomucenses.
1354 670 1599 725 Gregorius
1639 672 1886 723 capellanus
1920 675 2079 712 noster.

195 738 308 778 Acta
348 743 444 780 sunt
493 739 575 780 hec
617 741 659 780 in
700 740 884 781 Olomuz.
933 752 1079 780 mense
1121 741 1328 781 Januario
1370 742 1480 781 anno
1529 741 1735 782 dominice
1774 741 2077 783 incarnationis

196 808 421 849 Millesimo
455 807 547 850 OC.
580 810 793 850 XXXIII.
827 810 1053 850 indictione
1086 814 1226 850 sexta.

508 909 562 942 Ex
587 909 703 942 eodem
727 920 771 942 co
784 909 876 942 dice
900 910 1275 943 Tischnowicensi.

1019 1086 1268 1130 CCXXIV.

327 1173 390 1235 In
437 1193 607 1233 nomine
653 1196 801 1234 sancte
850 1196 893 1234 et
939 1192 1151 1232 indiuidue
1198 1191 1432 1232 Trinitatis.
1479 1191 1631 1232 Amen.
1694 1192 1904 1233 Nouerint
1943 1194 2077 1248 igitur

195 1263 356 1314 posteri
381 1265 423 1302 et
447 1265 686 1316 presentes⁷
716 1261 841 1316 quod,
866 1262 963 1314 quia
994 1262 1269 1302 serenissima
1293 1264 1426 1301 mater
1458 1265 1604 1301 nostra
1631 1260 1892 1314 Constantia,
1918 1263 2077 1317 regina

196 1332 385 1386 Boemie7
417 1343 495 1383 pro
528 1331 712 1371 remed10
745 1333 882 1371 anime
915 1343 992 1371 sue
1025 1331 1185 1383 pariter
1218 1333 1260 1370 et
1292 1334 1449 1385 nostre7
1493 1331 1689 1383 concepit
1719 1329 1898 1372 fundare
1930 1343 2077 1372 mona-

197 1402 368 1441 sterium
402 1401 656 1442 dominarum
689 1402 841 1457 Prage
874 1403 916 1442 in
955 1402 1155 1456 ecclesia,
1189 1412 1271 1453 que
1305 1400 1457 1440 dicitur
1488 1399 1536 1442 S.
1560 1400 1680 1440 Petri
1711 1400 1754 1440 in
1785 1401 1882 1441 vico
1914 1400 2078 1441 Teuto-

195 1471 403 1510 nicorum:
436 1483 514 1510 nos
539 1471 623 1511 Dei
656 1472 811 1526 gracia
840 1471 1152 1524 VVenceslaus7
1185 1482 1266 1511 rex
1290 1470 1477 1524 Boemie⁷
1510 1470 1731 1521 cupientes
1757 1471 1901 1510 matris
1933 1474 2078 1510 nostre

197 1539 453 1580 desiderium
486 1552 749 1595 promouere,
784 1541 1052 1580 concedimus
1086 1540 1221 1580 eidem
1255 1542 1297 1580 et
1329 1539 1532 1579 donamus
1566 1540 1783 1579 circuitum
1819 1539 2077 1579 Withsin...

196 1610 350 1649 Datum
384 1609 550 1664 Prage⁷
584 1622 695 1649 anno
728 1610 1030 1650 incarnationis
1064 1610 1270 1649 dominice
1302 1609 1364 1649 M.
1384 1607 1472 1650 CC.
1492 1609 1703 1649 XXXIII.
1736 1609 1971 1650 Indictione
2000 1609 2077 1649 VI.

197 1678 320 1718 VIII.
352 1678 452 1719 Idus
485 1679 726 1733 Februarii,
761 1690 837 1730 per
871 1669 1241 1720 manumArnoldi
1276 1677 1550 1720 Cancellarii.

510 1778 712 1811 Millauer
735 1798 778 1802 —
800 1778 884 1811 Der
907 1778 1108 1811 deutsche
1132 1778 1399 1811 Ritterorden
1423 1779 1460 1810 in
1483 1778 1661 1810 Bohmen
1683 1787 1764 1821 pag.
1788 1777 1856 1811 91.

1031 1955 1257 1999 CCXXV.

330 2041 445 2104 Nos
482 2059 748 2116 Constantia,
787 2061 872 2102 Dei
905 2062 1051 2116 gratia
1090 2061 1247 2114 regina
1279 2059 1497 2114 Bohemie⁷
1537 2060 1692 2100 coniux
1727 2059 1932 2112 quondam
1964 2059 2076 2099 bone

201 2131 399 2170 memorie
438 2132 563 2186 regis
603 2131 806 2185 ottocari,
856 2131 1072 2171 circuitum
1110 2130 1308 2170 Withsin
1341 2159 1351 2169 .
1386 2159 1396 2169 .
1430 2159 1440 2169 .
1475 2141 1595 2182 quem
1633 2129 1929 2169 XVenceslaus
1972 2126 2078 2168 filius

201 2203 360 2254 noster7
393 2200 612 2254 gloriosus
655 2212 734 2241 rex
770 2199 987 2255 Bohemie⁷
1026 2199 1148 2240 nobis
1183 2199 1353 2239 donauit
1392 2200 1646 2240 monasterio
1679 2194 1883 2250 'I'eplensi
1924 2197 2078 2238 vendi-

203 2269 335 2309 dimus
368 2281 459 2308 cum
492 2271 755 2321 pertinentiis
789 2270 977 2310 omnibus
1011 2299 1020 2310 .
1054 2298 1064 2309 .
1098 2299 1108 2309 .
1150 2269 1380 2311 Solutionis
1413 2272 1551 2309 autem
1583 2269 1723 2308 series
1754 2269 1816 2307 sic
1849 2269 2078 2319 processit:

202 2339 471 2390 concepimus
504 2339 721 2393 siquidem,
754 2339 905 2394 l'rage
938 2340 979 2379 in
1014 2339 1213 2393 ecclesia,
1247 2349 1329 2391 que
1362 2338 1514 2378 dicitur
1552 2337 1600 2379 S.
1633 2337 1765 2391 Petri7
1799 2338 1840 2377 in
1874 2349 1957 2389 qua
1989 2334 2079 2376 sra-

202 2396 292 2448 tres
325 2407 544 2459 hospitalis
577 2407 624 2449 S.
650 2408 790 2448 Mai-ie
815 2409 867 2448 de
898 2408 1015 2448 domo
1048 2409 1263 2448 teutonica
1287 2408 1571 2461 morabantur,
1604 2407 1749 2447 locare
1777 2405 2080 2448 Cisterciensis

203 2476 362 2516 ordinis
390 2477 614 2517 moniales:
648 2477 701 2516 ad
725 2488 897 2530 quarum
930 2478 1176 2531 alimoniam7
1203 2477 1258 2517 ab
1281 2471 1445 2523 eisdem
1468 2475 1684 2531 fratribus,
1717 2476 1856 2517 villam
1881 2475 2079 2526 Glupetin

203 2557 296 2587 cum
327 2547 416 2586 suls
443 2547 724 2602 pertinentiis7
757 2550 800 2587 et
824 2547 1002 2599 quedam
1033 2547 1145 2587 bona
1171 2546 1254 2587 alia
1286 2546 1620 2599 comparauimus
1643 2557 1719 2598 pro
1750 2545 1860 2586 mille
1886 2548 1928 2585 et
1956 2545 2079 2596 quin-
