2212 2876
1028 109 1132 151 297

150 259 192 297 et
224 267 278 296 ne
316 255 440 296 uillas
483 255 574 295 eius
615 254 836 294 camerarii
876 253 1045 308 intrent,
1087 265 1162 305 pro
1203 263 1454 305 quocunque
1497 251 1675 306 negotio
1716 263 1741 290 a
1781 254 1922 291 castro
1955 250 2025 291 uel

149 336 227 378 per
259 324 555 365 beneficiarios
596 324 724 377 missi,
758 323 1003 363 inhibemus.
1068 323 1270 362 Volumus
1311 326 1463 374 autem,
1503 325 1547 361 ut
1588 332 1664 372 per
1706 321 1881 359 nuncios
1915 319 2024 360 tales

149 393 418 449 significetur
452 395 663 446 preposito
691 393 760 432 uel
783 391 903 432 fratri
932 392 1134 445 ecclesie,
1162 392 1229 443 qui
1257 393 1513 430 exteriorem
1537 402 1679 430 curam
1706 389 1848 428 domus
1873 391 2025 443 agunt,

150 465 343 516 quatinus
384 475 461 515 per
500 464 592 502 illos
625 462 678 502 ad
721 462 872 501 iudicia
912 462 1094 501 citentur
1132 462 1313 512 ipsorum
1353 460 1556 513 homines,
1597 462 1639 498 et
1677 462 1916 498 statuantur
1957 457 2025 497 die

150 531 311 584 prefixo
347 545 422 584 per
456 532 631 572 iudicem
664 535 706 571 et
737 531 828 570 loco
863 531 1152 571 determinato.
1217 529 1359 570 Omnis
1399 533 1536 568 autem
1573 528 1776 582 uenditio,
1817 539 1873 567 ex
1906 527 2026 567 cele-

148 602 344 641 bratione
384 602 525 641 iudicii
567 612 773 655 surgens,
814 600 866 639 ad
908 600 1101 640 abbatem
1142 603 1185 638 et
1222 597 1377 638 fratres
1419 598 1609 638 ecclesie
1657 598 1913 637 reuoluatur.
1977 597 2027 638 Si

148 682 252 710 uero
287 674 433 710 contra
467 673 650 710 nostrum
692 669 772 708 hoc
805 673 1004 708 statutum
1045 670 1086 708 in
1118 679 1302 720 preceps
1343 672 1529 722 agentes
1570 667 1789 722 camerarii
1827 667 1898 706 vel
1931 667 2026 718 qui-

149 739 251 779 libet
282 740 393 779 tales
426 741 566 779 nuncii
600 739 723 778 villas
765 738 952 778 ecclesie
986 738 1174 777 iniuriari
1205 738 1399 777 uolentes
1433 737 1698 790 intrauerint,
1732 735 1925 787 quicquid
1962 736 2025 775 eis

150 809 389 848 inuenerint
427 808 630 848 commodi
670 807 739 847 vel
784 807 1042 861 incommodi,
1091 807 1277 846 habeant
1321 818 1396 857 pro
1446 805 1658 845 mercede.
1722 806 1931 845 Preterea
1971 805 2025 845 ab

150 878 339 917 omnibus
379 877 647 932 generaliter
687 876 1008 931 grauaminibus
1052 877 1186 929 nouis,
1226 875 1457 928 ueteribuS,
1502 873 1898 928 consuetudinariis,
1932 875 2025 914 siue

150 948 314 986 nouiter
346 947 667 986 adinueniendis
700 946 923 996 ecclesiam
958 947 1285 996 prenominatam
1321 944 1372 983 de
1406 943 1700 983 Zaburdowiz
1717 943 1889 983 liberam
1924 954 2025 983 esse

149 1017 381 1069 statuimus,
415 1016 548 1055 eidem
577 1025 706 1065 super
741 1018 886 1054 cetera
910 1015 1054 1068 gratie
1087 1017 1232 1053 nostre
1259 1013 1407 1052 donum
1440 1013 1690 1064 adicientes,
1715 1016 1759 1051 vt
1792 1024 1868 1063 per
1900 1016 2026 1052 totam

149 1088 304 1124 terram
339 1087 523 1123 nostram
558 1081 746 1122 forensia
780 1095 860 1122 non
886 1083 1052 1122 soluant
1085 1083 1286 1136 homines,
1315 1087 1356 1122 et
1389 1094 1471 1121 non
1504 1082 1739 1121 theloneum
1774 1082 1826 1120 ab
1861 1082 1923 1120 eis
1956 1081 2026 1121 uel

149 1153 377 1208 pedagium
419 1153 637 1206 exigatur,
678 1153 755 1191 nisi
790 1156 1001 1192 mercator
1040 1153 1107 1206 sit,
1148 1153 1298 1204 quibus
1338 1151 1471 1191 soluto
1511 1151 1708 1191 theloneo
1750 1151 1903 1190 iniuste
1944 1163 2026 1190 non

148 1223 404 1276 retardetur,
438 1221 546 1274 quod
586 1222 767 1261 libenter
800 1222 839 1261 in
873 1222 1100 1273 periculum
1141 1222 1277 1261 anime
1319 1232 1396 1260 sue
1438 1220 1675 1275 thelonarii,
1719 1221 1787 1272 qui
1821 1219 2026 1260 Obuznici

149 1292 283 1346 vulgo
318 1291 525 1344 dicuntur,
559 1291 705 1342 sepius
738 1291 830 1330 ausi
864 1294 961 1330 sunt
1003 1289 1149 1330 facero
1182 1294 1352 1342 propter
1386 1290 1639 1330 dominorum
1677 1301 1844 1330 suorum
1879 1291 2025 1329 auari-

147 1362 261 1414 tiam,
301 1361 378 1400 sed
418 1361 572 1399 utinam
615 1361 655 1399 in
699 1358 956 1399 manifestum
1004 1360 1124 1399 nobis
1167 1361 1339 1399 ueniant
1388 1359 1600 1413 puniendi,
1642 1363 1684 1398 et
1724 1357 1915 1414 benefici,
1956 1360 2026 1412 qui

147 1430 248 1469 talia
283 1428 372 1469 fieri
406 1429 635 1483 admittunt,
675 1441 700 1468 a
732 1427 938 1469 beneficio
971 1429 1362 1480 irrecuperabiliter
1399 1431 1618 1468 manerent
1656 1430 1868 1480 suspensi.
1933 1426 2026 1470 Ce-

147 1502 281 1539 terum
315 1499 412 1550 quia
444 1496 695 1549 specificare
736 1499 871 1538 omnia
905 1510 988 1538 non
1021 1511 1255 1552 possumuS,
1297 1509 1454 1538 omnem
1488 1499 1705 1537 vtilitatem
1744 1499 1784 1537 in
1818 1501 2024 1550 quatuor-

149 1568 282 1608 decim
315 1572 498 1607 nostram
532 1568 624 1606 siue
658 1568 698 1606 in
732 1568 825 1606 aliis
859 1567 910 1607 ad
944 1580 1022 1608 nos
1055 1572 1315 1619 spectantem
1355 1568 1423 1606 uel
1457 1571 2023 1607 successorum=nostrorum

148 1637 217 1676 uel
253 1635 546 1676 beneficiarios
587 1641 754 1676 nostros
788 1649 813 1676 a
846 1637 967 1676 nobis
1008 1636 1244 1676 infeudatos
1279 1637 1412 1676 eidem
1455 1637 1710 1690 remittimus,
1749 1637 1947 1688 ut'plena
1982 1640 2024 1677 et

149 1704 339 1759 perlecta
372 1717 540 1757 semper
573 1706 758 1745 ecclesia
791 1706 982 1760 gaudeat
1011 1707 1220 1759 libertate,
1254 1710 1296 1746 et
1329 1710 1372 1745 ut
1405 1706 1540 1745 nullus
1575 1706 1613 1745 ei
1648 1717 1780 1744 nouas
1814 1706 2023 1745 conditio-

147 1787 228 1815 nes
269 1779 415 1815 contra
464 1779 620 1815 statuta
663 1780 806 1815 nostra
853 1775 1008 1814 audeat
1054 1776 1271 1829 inponere,
1322 1773 1489 1814 firmiter
1534 1774 1809 1814 inhibemus·
1843 1776 2024 1826 Insuper

148 1845 379 1898 statuimus,
422 1848 479 1899 ut,
523 1845 759 1896 quicunque
801 1845 993 1884 nobilium
1034 1846 1073 1884 in
1117 1844 1361 1895 supradicte
1402 1844 1588 1883 ecclesie
1630 1844 1738 1882 villis
1783 1844 1850 1883 vel
1891 1846 2019 1884 curiis

147 1914 440 1966 pernoctando
481 1925 557 1953 seu
600 1914 793 1954 intrando
835 1915 1049 1954 extiterint
1096 1915 1298 1968 iniuriosi,
1339 1914 1517 1953 bannum
1569 1917 1753 1952 nostruin
1794 1914 1834 1952 in
1876 1913 2021 1954 decem

147 1983 301 2023 marcis
328 1982 418 2021 auri
446 1987 709 2034 componant.
737 1987 777 2022 et
803 1984 840 2022 ei
865 1983 1042 2034 dampna
1069 1983 1180 2023 illata
1216 1984 1254 2022 in
1288 1983 1453 2023 dublum
1486 1983 1723 2036 restituant,
1748 1982 1817 2021 uel
1850 1983 1885 2021 si
1914 1983 2022 2022 adeo

147 2048 303 2091 suerint
334 2051 533 2090 maliciosi
574 2055 615 2091 et
655 2053 808 2105 insani,
848 2056 892 2091 ut
934 2065 1015 2091 non
1059 2053 1221 2103 possint
1254 2063 1329 2091 eos
1371 2052 1565 2106 grangie
1607 2052 1675 2091 vel
1716 2051 1815 2091 ville
1855 2052 2022 2092 abbatis

147 2120 346 2161 tollerare
379 2120 446 2159 uel
486 2118 594 2160 forte
627 2122 759 2172 ipsum
800 2122 1040 2175 claustrum,
1075 2133 1132 2161 ex
1171 2126 1270 2161 tunc
1303 2122 1428 2160 liceat
1467 2121 1699 2160 hominibus
1740 2125 1782 2161 et
1820 2119 2021 2161 fratribus

149 2189 293 2229 domus
334 2190 425 2228 sine
466 2193 611 2228 nostra
651 2189 811 2230 offensa
855 2191 1063 2230 violenter
1095 2191 1211 2242 ipsos
1255 2191 1486 2241 expellere.
1549 2191 1686 2230 Huius
1719 2194 1855 2230 autem
1888 2191 2021 2230 liber-

148 2258 245 2298 tatis
279 2270 303 2297 a
338 2258 460 2297 nobis
488 2270 710 2313 concesse,
744 2263 786 2299 et
809 2260 1032 2311 principali
1064 2258 1341 2299 munificentia
1370 2259 1539 2313 donate,
1573 2258 1737 2311 prefato
1765 2261 2019 2299 monasterio

147 2338 429 2366 successores
470 2331 654 2382 nostros,
700 2328 899 2368 uidelicet
946 2328 1146 2382 heredes,
1194 2339 1298 2380 quos
1347 2328 1443 2368 Deo
1493 2328 1709 2383 largiente
1759 2329 2019 2383 habebimus,

147 2398 309 2435 tutores
349 2397 636 2436 constituimus
684 2408 735 2436 ac
779 2395 1043 2451 defensores,
1093 2398 1173 2436 hoc
1213 2398 1489 2452 sanctienteS,
1540 2402 1584 2437 ut
1633 2398 1755 2438 huius
1804 2398 2019 2452 priuilegii

150 2465 380 2504 violatores
420 2466 460 2504 in
502 2476 707 2505 cameram
750 2470 935 2520 nostram
975 2477 1354 2518 successorumque
1394 2470 1628 2507 nostrorum
1669 2467 1814 2506 decem
1854 2478 2018 2506 marcas

148 2535 239 2573 auri
273 2538 535 2587 componant.
598 2536 864 2590 Rogauimus
904 2537 1031 2587 etiam„
1058 2534 1226 2575 fratrem
1268 2540 1451 2576 nostrum
1492 2537 1672 2576 inclitum
1712 2547 1860 2590 regem
1901 2537 2037 2576 Boo--
