2212 2876
113 241 364 295 grauamine
398 239 595 292 indebito,
636 250 661 278 a
696 241 930 277 castrorum
964 236 1237 277 edificacione
1280 239 1322 277 et
1355 235 1518 291 fossati,
1552 237 1605 277 ab
1640 240 1813 278 omnium
1845 238 1983 279 bene-

112 307 283 348 ficorum
329 309 537 348 violencia
581 311 623 346 et
661 307 901 360 tyrannide7
950 307 1002 346 ab
1044 307 1218 345 omnium
1265 306 1540 360 uectigalium
1587 307 1883 363 inpedimento,
1929 309 1982 348 ab

115 378 303 418 omnibus
336 378 519 417 indebite
559 377 775 415 seruitutis
809 376 1053 427 honeribus,
1096 376 1148 414 ab
1183 376 1291 421 omni
1331 376 1461 414 eciam
1502 387 1634 415 censu
1674 377 1902 427 principum
1942 381 1983 416 et

114 447 358 487 tributorum
399 445 672 498 quorumlibet
711 445 874 484 iniuria.
939 445 986 486 Si
1028 449 1163 484 autem
1202 442 1335 485 sui-em
1377 444 1638 495 deprehendi
1679 447 1909 500 contigerit
1942 447 1982 486 in

114 516 407 569 eadem-'villa⁷
432 515 648 554 statuimus
682 515 814 565 ipsum
843 512 972 553 furem
1006 514 1114 553 tradi
1141 514 1182 552 in
1216 513 1446 552 custodiam
1480 515 1597 553 curie
1624 515 1838 568 principis7
1871 515 1981 554 bona

115 589 249 625 autem
283 583 385 624 suris
418 585 591 637 integra
624 586 821 623 maneant
854 583 1015 622 domino
1050 583 1149 622 ville
1183 583 1236 622 ad
1262 594 1507 622 succursum
1541 584 1681 634 inopie
1715 584 1982 637 dominarum7

113 658 159 693 vt
191 653 288 692 inde
330 664 405 704 pro
440 653 601 692 arbitrii
643 653 706 691 sui
751 652 972 702 disponant
1012 652 1146 691 libera
1191 652 1419 692 voluntate.
1483 651 1530 693 Si
1571 664 1677 692 vero
1722 653 1885 704 aliquod
1928 653 1984 692 ibi

114 721 262 762 furtum
296 723 547 775 inueniatur,
579 722 648 761 uel
688 721 947 761 homicidium
982 725 1264 772 perpetratum
1304 720 1443 775 fuerit7
1478 721 1710 760 inhibemus
1744 721 1983 761 omnimodis

115 803 351 846 grauamen
385 804 410 830 a
435 795 576 830 castro
609 792 651 830 in
678 791 772 830 villa
806 790 910 844 tieri7
944 794 986 829 et
1011 791 1179 842 predam
1205 791 1429 830 violentam
1464 802 1544 842 que
1571 791 1677 830 alias
1711 791 1819 830 solet
1851 802 1983 830 exer-

114 862 203 900 ceri
244 862 409 912 penitus
457 860 756 914 interdicimus7
806 860 882 899 sed
926 862 1059 899 onmia
1106 864 1301 899 maneant
1342 862 1596 899 inconcussa
1644 860 1902 914 dominabus,
1944 861 1982 899 in

112 930 306 970 laudibus
346 929 414 969 dei
455 934 579 969 nocte
629 941 680 968 ac
723 930 790 968 die
838 929 1127 983 vigilantibus.
1191 929 1252 968 Vt
1291 932 1428 968 autem
1475 929 1556 968 hoc
1598 930 1731 968 nostri
1770 930 1984 983 priuilegii

114 1003 309 1038 statutum
343 999 471 1038 robur
503 999 659 1038 habeat
692 997 946 1052 firmamenti7
988 1002 1029 1037 et
1062 998 1357 1037 inuiolabiliter
1396 1000 1685 1049 inperpetuum
1719 998 1985 1038 custodiatur

113 1069 323 1122 illibatum7
357 1068 489 1122 sigilli
514 1069 646 1107 nostri
679 1069 940 1118 appensione
966 1069 1162 1118 scriptum
1191 1079 1371 1118 presens
1406 1073 1447 1107 et
1473 1068 1638 1108 testium
1663 1068 1984 1118 subscripcione

112 1136 262 1177 firmari
297 1138 574 1188 precepimus.
623 1137 760 1175 Huius
794 1134 894 1175 facti
927 1137 1059 1175 nostri
1084 1140 1219 1175 testes
1252 1140 1349 1175 sunt
1382 1136 1450 1175 hii.
1484 1137 1697 1176 Henricus
1725 1137 1983 1176 camerarius

113 1207 417 1247 olomucensis.
460 1205 622 1246 Golach
662 1206 922 1244 castellanus
964 1205 1269 1245 olomucensis,
1313 1206 1476 1256 Welys
1520 1206 1647 1244 iudex
1681 1205 1983 1245 Olomucensis.

114 1275 364 1317 Semizlaus.
392 1274 519 1315 Onso.
545 1275 761 1314 Zulizlans
789 1273 964 1326 dapifer.
987 1274 1234 1325 Prothyuen
1261 1274 1401 1313 iudex.
1435 1275 1742 1326 Brechyzlaus.
1769 1275 1983 1329 Andreas,

114 1345 287 1398 Agazo.
327 1344 549 1384 Wilehek.
590 1344 837 1395 Rudolphus
880 1343 986 1383 lilius
1027 1344 1226 1383 Zauisse.
1290 1344 1444 1382 Datum
1484 1345 1523 1382 in
1567 1342 1748 1384 (¹ralicz.
1790 1344 1845 1382 V.
1884 1344 1983 1383 Idus

113 1414 230 1454 Maii.
278 1415 402 1453 Anno
438 1414 640 1452 dominice
674 1414 985 1452 incarnacimiis
1020 1413 1243 1453 Millesimo
1279 1411 1369 1453 CC.
1403 1413 1549 1452 XXV.
1591 1413 1832 1452 Indiccione
1865 1413 1983 1452 xlll.

426 1513 479 1545 Ex
505 1514 697 1555 originali
723 1511 752 1544 in
777 1513 912 1544 archivo
938 1513 1071 1554 capituli
1097 1512 1393 1543 olomucensis.
1419 1531 1460 1535 —
1483 1513 1564 1544 Item
1589 1512 1686 1544 adest
1712 1514 1740 1544 in
1765 1513 1983 1544 confirma-

529 1565 909 1613 tione,chceslai
933 1566 1022 1607 regis
1048 1565 1088 1596 ab
1109 1574 1192 1596 auno
1220 1562 1335 1596 1286.
1361 1564 1519 1596 ibidem.

949 1751 1149 1792 Chxffl.

113 1856 422 1895 nonasterium
445 1849 696 1895 Trebia-ense
711 1858 920 1907 permutat
928 1856 1246 1907 possessionem
1271 1867 1391 1894 smmi
1413 1854 1614 1895 Oslowan
1639 1866 1732 1893 cum
1757 1853 1983 1906 Heilwe'de,

112 1923 243 1964 nobile·
274 1927 467 1964 matrona
510 1924 561 1964 de
594 1925 778 1976 Znoym,
815 1936 896 1976 pro
927 1924 1106 1976 praedio
1148 1923 1336 1976 ej‘nsdem
1374 1923 1539 1963 Horlca.
1604 1924 1710 1963 Acta
1751 1924 1795 1963 in
1831 1918 1983 1975 Trebjc

676 1994 800 2034 ΧΙἸ.
835 1993 1060 2033 Kalendas
1092 1993 1231 2045 Junit,
1272 1993 1422 2033 1225.

246 2087 304 2147 In
330 2106 503 2145 Nomine
528 2106 706 2146 Domini.
740 2107 889 2145 Amen.
938 2106 1040 2160 Ego
1068 2105 1212 2145 Lucas
1238 2105 1305 2144 dei
1330 2104 1620 2145 misericordia
1653 2104 1787 2144 abbas
1813 2104 1984 2144 'Prehe-

114 2176 271 2215 censis.
305 2178 515 2226 totumque
541 2175 760 2226 capitulum
794 2186 924 2214 meum
951 2174 1244 2214 Trebecense.
1280 2174 1468 2214 omnibus
1493 2172 1652 2214 Christi
1681 2171 1870 2213 fidelibus
1902 2178 1984 2213 tam

112 2243 263 2284 suturis
297 2255 417 2295 quain
459 2244 727 2294 presentibus
768 2244 806 2282 in
841 2248 1097 2295 perpetuum.
1162 2244 1390 2282 Preciosus
1430 2244 1627 2282 memorie
1659 2243 1885 2282 thesaurus
1920 2247 1984 2283 est

114 2315 324 2365 scriptura
364 2324 444 2365 que
492 2311 827 2352 nei-iimseriein
876 2317 1095 2367 gestarum
1136 2313 1455 2352 incommutabili
1501 2313 1682 2364 loquitur
1720 2313 1902 2352 ueritate
1943 2315 1984 2351 et

114 2383 283 2434 opponit
322 2382 580 2421 obstaculum
628 2383 946 2436 emergentibus
987 2382 1231 2433 calumpniis
1280 2383 1320 2421 in
1364 2382 1605 2421 conuulsum
1653 2380 1778 2422 facile
1821 2380 1982 2433 quidem

115 2452 377 2491 conditiones
412 2452 582 2502 plurime
617 2455 658 2490 et
691 2450 800 2491 sacta
833 2452 1057 2491 mortalium
1091 2452 1263 2503 plurima
1294 2452 1544 2491 uacillarent
1577 2452 1657 2490 nisi
1691 2463 1742 2490 ea
1775 2451 1983 2501 scripture

114 2520 246 2561 tidelis
294 2521 567 2561 testimonium
618 2521 851 2560 roboraret.
916 2521 1157 2573 Eapropter
1205 2521 1518 2573 subscriptione
1566 2521 1778 2572 presentis
1823 2519 1983 2573 pagine
