2212 2876
954 82 1022 123 57

59 223 294 264 Johannes.
334 223 564 264 walterus
614 223 817 263 decanus.
859 224 1120 271 Radezlaus„
1167 223 1273 264 filius
1312 223 1537 266 Scehonis.
1595 224 1666 264 Hii
1705 228 1816 279 sunt7
1865 226 1935 278 qui

60 293 314 332 circuierunt
338 296 492 332 metas:
526 293 681 332 Bosco.
715 293 931 332 Zdizlaus.
954 293 1268 333 Mai-ewardus.
1301 293 1483 332 Vniech.
1511 293 1728 333 Zdizlaus.
1762 293 1931 335 Scribi-

59 362 145 400 mir.
183 361 347 400 Bvdek.
376 361 489 400 Yan.
513 362 780 401 Mistislauiz.
814 361 927 401 Yan.
955 363 1228 401 Andr-eiouic.
1254 362 1321 401 W
1325 362 1433 401 elen.
1459 362 1678 401 Viecemil.
1702 363 1931 403 Hereman.

59 428 280 469 Priedbor.
329 429 533 480 Lampert
579 431 792 480 Rapotitz.
838 430 1033 470 Zdizlaw
1079 431 1361 471 Mukarouitz.
1413 432 1566 484 Baros,
1613 429 1770 471 fratres
1825 433 1932 472 eius.

58 498 181 537 Velis
224 498 454 548 Supkouic.
496 499 671 538 Bosteh.
704 499 847 553 Mileg
886 504 1077 552 uenator7
1118 500 1258 539 Hoten
1301 500 1477 539 uillicus.
1511 500 1697 539 Dobros.
1738 500 1932 540 Rosneth

60 566 112 606 de
145 567 320 608 Sidinic.
353 568 425 606 lus
458 578 562 606 vero
596 572 840 618 patronatus
868 569 907 607 in
943 569 1130 607 ecclesia
1163 568 1245 621 illa⁷
1280 569 1387 620 quod
1422 568 1610 608 dominus
1634 568 1727 608 Leo
1760 569 1933 610 contulit

60 637 261 686 episcopo
295 635 560 675 olomucensi
595 641 637 675 et
670 637 762 675 eius
795 637 1134 690 successoribus,
1169 637 1302 676 eidem
1335 635 1635 677 confirmamus.
1690 638 1803 677 Acta
1835 642 1932 678 sunt

59 704 140 744 hec
173 717 283 744 anno
317 706 620 744 incarnationis
664 705 866 744 dominice
900 706 960 745 M.
997 705 1087 746 CF.
1120 706 1176 745 X.
1241 706 1354 745 Data
1396 710 1532 745 autem
1574 708 1615 746 in
1648 707 1822 746 Brunna
1854 718 1932 758 per

62 785 207 812 manus
242 774 360 813 Petri
392 775 555 813 notarii.

371 890 425 922 Ex
450 892 643 931 originali
670 892 697 921 in
723 891 858 921 archivo
884 900 912 921 c.
937 901 962 921 r.
988 891 1092 922 aulico
1123 890 1409 923 vindobonae.
1438 910 1481 914 —
1511 891 1637 923 Excus.
1663 892 1876 923 incorrectius
1901 892 1933 924 in

476 943 704 987 annalibus
729 943 1004 974 Praemonslr.
1030 944 1072 973 ll.
1099 942 1325 975 DCFXXXI.

914 1120 1075 1160 XLIX.

59 1208 278 1264 Premysh
312 1212 570 1252 Boemorum
597 1226 694 1265 res,
726 1215 1027 1253 monasterium
1053 1213 1416 1254 Zabrdowe‘cense
1439 1215 1484 1253 in
1509 1213 1577 1254 die
1601 1216 1933 1256 consecrationis

60 1280 105 1319 in
139 1293 260 1320 suam
291 1283 584 1333 prola-{ioanni
621 1284 811 1334 suscipit,
846 1283 1018 1334 ejusque
1051 1282 1273 1333 libertates,
1314 1294 1392 1321 uec
1423 1294 1508 1322 non
1539 1285 1699 1323 veteres
1732 1287 1770 1323 et
1800 1296 1933 1325 novas

445 1352 742 1402 possess-tonas·
776 1352 1007 1404 confirmat.
1072 1350 1348 1402 Zabrdowiz,
1390 1351 1543 1391 1211.

467 1427 486 1451 ,,“
554 1427 597 1448 'X

190 1442 248 1502 In
282 1463 446 1501 nomine
479 1468 627 1502 sancte
660 1463 856 1502 trinitatis
883 1467 924 1501 et
958 1462 1168 1501 indiuidue
1195 1463 1380 1501 vnitatis.
1421 1462 1522 1516 Ego
1550 1463 1752 1515 premisl,
1780 1465 1933 1505 tertius

60 1540 140 1569 rex
174 1531 433 1583 Boemorum,
475 1531 614 1571 diuina
655 1532 881 1582 opitulante
923 1533 1076 1585 gracia
1115 1536 1196 1570 tam
1237 1531 1505 1583 presentium7
1546 1542 1664 1582 quam
1704 1530 1934 1575 futurorum

62 1598 181 1638 trado
207 1599 452 1652 cognitioni,
481 1600 587 1650 quod
623 1601 663 1638 in
689 1600 847 1639 honore
881 1600 919 1639 b.
950 1599 1140 1651 Msarie]
1175 1601 1317 1639 matris
1343 1599 1492 1638 domini
1527 1600 1744 1640 cenobium
1770 1602 1933 1653 quidam

60 1667 124 1706 uir
157 1667 306 1706 nobilis
341 1668 435 1707 Leo
468 1668 519 1706 cle
555 1667 718 1708 Globulc
758 1670 798 1707 in
833 1680 972 1723 regno
1008 1672 1152 1707 nostro
1194 1672 1236 1707 et
1268 1669 1309 1706 in
1350 1669 1584 1719 principatu
1617 1667 1760 1708 fratris
1800 1671 1934 1711 nostri

68 1735 324 1787 wladizlay,
363 1737 573 1789 principis
617 1739 830 1789 Μονιηιὶε,
871 1750 960 1777 cum
1004 1743 1146 1776 nostro
1195 1741 1236 1776 et
1278 1734 1418 1776 fratris
1468 1738 1599 1776 nostri
1639 1749 1852 1777 consensu
1890 1740 1934 1780 in

61 1804 255 1844 comitatu
287 1805 512 1858 Brenensi⁷
547 1792 656 1857 duod
690 1806 987 1846 Zabrz‘douich
1019 1810 1209 1858 uocatur,
1243 1804 1444 1859 fundauit7
1478 1806 1586 1858 quod
1620 1818 1695 1857 pro
1728 1818 1857 1857 posse
1890 1811 1934 1849 et

61 1870 260 1913 facultate
292 1885 369 1913 sua
403 1874 532 1913 rebus
566 1875 782 1915 mobilibus
823 1879 866 1915 et
898 1875 1159 1914 inmobilibus
1193 1875 1350 1927 ditauit⁷
1384 1874 1440 1913 ita
1481 1878 1632 1926 tamen,
1666 1875 1773 1925 quod
1813 1875 1932 1916 locus

63 1941 131 1981 ille
157 1953 324 1993 semper
356 1943 410 1981 sit
434 1943 512 1982 sub
538 1944 710 1983 tuitione
736 1948 881 1983 nostra
906 1948 948 1983 et
971 1942 1113 1983 fratris
1137 1944 1271 1982 nostri
1298 1947 1339 1982 et
1364 1953 1660 1982 successorum
1682 1947 1931 1999 nostrorum,

63 2014 106 2050 et
137 2010 247 2062 quod
279 2011 450 2065 gladius
478 2016 623 2051 noster
648 2013 906 2067 adiungatur
930 2012 1074 2067 gladio
1099 2011 1303 2062 spirituali
1337 2012 1376 2050 in
1411 2012 1519 2050 illius
1546 2011 1625 2051 loci
1658 2011 1932 2067 deffensione⁷

63 2083 107 2119 ut
138 2080 297 2130 pariter
336 2081 571 2134 suppleant⁷
612 2081 721 2133 quod
760 2083 803 2121 in
842 2093 922 2121 uno
964 2082 1096 2121 minus
1136 2082 1357 2120 inuenitur.
1420 2080 1530 2120 Huic
1571 2081 1712 2131 itaque
1753 2082 1932 2122 cenobio

62 2159 99 2187 s.
131 2147 192 2188 M.
224 2159 266 2187 v.
299 2158 387 2201 ego
419 2148 707 2203 wladizlaus,
741 2149 826 2189 dux
858 2149 1056 2189 Morauie
1090 2149 1232 2188 diuina
1266 2152 1481 2199 protectus
1515 2150 1684 2203 gracia⁷
1716 2152 1795 2188 tam
1830 2161 1930 2201 pre-

64 2215 254 2256 sentibus
287 2227 407 2267 quam
438 2215 588 2257 suturis
621 2217 673 2257 do
707 2219 834 2271 scire7
869 2218 977 2270 quod
1012 2218 1063 2257 ad
1099 2216 1440 2257 refocillationem
1473 2218 1529 2257 ibi
1555 2218 1810 2272 (legencium
1841 2223 1931 2259 tres

65 2295 200 2338 agros
249 2285 402 2324 contuli
452 2287 492 2325 ei
539 2286 802 2341 adiacentes,
852 2291 895 2326 et
933 2287 1077 2326 siluam
1117 2286 1299 2339 totalem7
1347 2297 1428 2338 que
1476 2285 1648 2328 Scalice
1690 2287 1852 2341 (licitur7
1891 2292 1934 2328 et

65 2351 238 2393 fluminis
271 2357 448 2393 meatum
479 2366 504 2394 a
543 2355 778 2395 molendino
819 2356 1048 2406 cuiusdam,
1089 2356 1156 2405 qui
1197 2355 1345 2394 Daren
1389 2355 1721 2408 nuncupabatur,
1762 2355 1814 2394 ad
1849 2366 1930 2395 ex-

65 2421 287 2472 piationem
310 2423 483 2462 omnium
506 2424 744 2477 animarum,
774 2427 820 2463 ut
845 2436 869 2463 a
895 2424 1076 2463 sathane
1101 2423 1282 2463 nexibus
1308 2423 1499 2477 liberate⁷
1522 2425 1564 2463 in
1590 2435 1671 2476 qua
1694 2427 1932 2464 sanctorum

66 2489 259 2543 gaudent
304 2490 455 2545 anime,
497 2494 646 2531 eterna
691 2491 961 2543 perfruantur
1007 2492 1215 2532 ubertate.
1280 2491 1436 2533 Omnes
1481 2503 1586 2532 uero
1629 2493 1930 2544 possessiones
