2212 2876
169 254 204 294 si
247 266 329 294 non
360 250 537 308 {fuel-int.
578 254 795 294 hereditas
836 255 1033 295 deueniat
1074 255 1126 294 ad
1169 255 1379 306 proximos
1419 254 1617 294 heredes.
1654 248 1730 296 'Si
1773 255 1897 294 alicui
1938 255 2043 295 sub-

168 323 390 364 trahuntur
437 325 619 363 iumenta
659 328 730 363 aut
777 322 913 363 famuli
955 336 1059 376 apes
1106 323 1297 363 furantur
1338 324 1465 363 debet
1514 324 1659 363 subire
1709 323 1901 363 iudicium
1940 323 2044 364 ferri

168 393 333 433 scilicet
364 404 572 432 uomeres.
636 394 816 444 Insuper
849 394 884 432 si
920 395 1012 445 quis
1046 394 1249 444 spoliatus
1291 391 1415 432 suerit
1450 404 1526 444 per
1559 393 1701 444 wiboy
1740 394 1904 433 incuset
1938 405 2043 445 quos

166 462 266 502 uult.
293 466 334 502 et
367 463 419 502 de
444 462 609 502 hirdozt
641 463 821 502 nominet
850 474 954 514 quos
989 463 1075 502 uult
1100 467 1141 502 et
1165 464 1335 513 antique
1359 462 1687 501 consuetudines
1721 467 2042 502 conseruentur.

169 530 369 583 Quisquis
409 531 646 570 theloneum
686 532 983 582 pertransierit
1022 544 1046 571 a
1079 532 1314 571 thelonario
1354 532 1524 571 licentia
1567 543 1650 570 non
1693 532 1863 571 obtenta
1904 543 2043 583 neque

166 600 364 640 theloneo
400 600 612 652 persoluto
646 613 727 640 non
759 601 882 639 aliter
916 602 1110 651 puniatur
1132 602 1209 640 nisi
1246 602 1308 640 ius
1333 601 1517 640 thelonei
1551 601 1790 652 duplicabit.
1825 604 1867 640 et
1898 604 2044 652 preter

167 669 248 709 hoc
281 682 356 721 pro
392 681 501 720 pena
541 670 678 709 soluet
716 669 812 709 Lx.
847 669 1058 709 denarios.
1122 670 1170 711 Si
1204 671 1297 722 quis
1340 681 1487 722 equum
1521 672 1731 722 proprium
1764 682 1929 710 currum
1962 670 2043 709 ali-

168 750 288 791 quem
327 739 560 778 trahentem
603 740 921 792 recognouerit.
964 751 1045 778 non
1098 739 1189 790 plus
1237 751 1358 791 quam
1400 739 1493 779 Lx.
1538 739 1751 779 denarios.
1799 752 1874 791 pro
1915 751 2043 779 curru

168 812 210 849 et
242 804 371 848 rebus
405 809 445 847 in
479 819 529 847 eo
564 809 846 847 existentibus
881 808 1006 847 iudici
1041 808 1266 858 persoluat.
1330 809 1432 847 Item
1472 809 1604 860 siquis
1638 820 1786 860 equum
1819 809 1928 859 apud
1962 809 2042 848 ali-

167 889 287 930 quem
320 878 528 916 inuenerit
560 877 831 916 uulneratum.
866 889 947 916 non
976 888 1123 927 equum
1158 877 1355 916 uendicet
1389 877 1467 916 sibi
1503 878 1642 917 iudex.
1676 879 1756 916 nisi
1790 878 2042 917 solummodo

166 946 262 986 LX.
304 946 490 985 denariis
537 947 591 985 sit
630 950 866 985 contentus.
932 947 1034 984 Item
1084 947 1216 997 siquis
1257 947 1409 986 citatus
1451 945 1578 986 suerit
1627 950 1669 986 et
1712 948 1938 987 obtinuerit
1977 948 2042 987 ius

166 1027 283 1055 suum
318 1016 357 1054 in
390 1016 542 1054 iudicio
576 1026 715 1066 neque
750 1027 866 1055 wrez
900 1026 1038 1066 neque
1072 1016 1278 1067 pohonze.
1308 1016 1385 1055 sed
1420 1016 1672 1055 solummodo
1707 1016 1903 1057 denarios
1937 1017 2043 1056 duos

168 1085 394 1136 persoluat.
436 1084 545 1135 quod
579 1095 781 1135 pomocne
822 1085 1064 1138 uulgariter
1103 1086 1352 1135 appellatur.
1417 1086 1519 1125 Item
1570 1085 1622 1125 ad
1664 1086 1884 1125 clamorem
1927 1098 2043 1125 com-

166 1166 325 1194 munem
360 1155 428 1206 qui
472 1157 666 1205 nestoyte
699 1154 940 1207 uulgariter
982 1155 1215 1194 nominatur
1249 1155 1383 1194 nullus
1423 1165 1600 1194 currere
1640 1159 1836 1195 teneatur
1876 1156 1954 1195 nisi
1990 1155 2043 1196 de

167 1225 336 1275 propria
376 1223 591 1263 uoluntate
632 1223 711 1263 hoc
752 1221 899 1263 facere
942 1224 1132 1264 uoluerit.
1198 1225 1299 1264 ltem
1340 1212 1472 1276 siquis
1522 1235 1652 1276 super
1693 1224 1822 1264 rebus
1863 1225 2043 1276 propriis

165 1293 383 1332 mobilibus
424 1293 515 1331 sine
557 1293 826 1331 immobilibus
868 1293 907 1331 in
950 1293 1100 1332 iudicio
1151 1294 1412 1333 conuenitur.
1453 1293 1602 1332 eadem
1642 1294 1751 1332 bona
1795 1293 1847 1333 de
1890 1294 2040 1345 quibus

167 1360 208 1401 fit
242 1363 404 1414 questio
431 1373 569 1413 neque
604 1361 730 1401 iudex
759 1373 895 1413 neque
923 1362 1072 1401 domini
1097 1366 1211 1402 terre
1247 1363 1408 1402 uillicus
1436 1363 1516 1401 sibi
1548 1362 1747 1402 uendicet
1770 1363 2044 1414 possidenda.

167 1432 243 1471 sed
279 1432 384 1470 idem
411 1432 480 1482 qui
514 1443 642 1482 super
675 1431 830 1470 eisdem
866 1432 985 1471 bonis
1013 1433 1261 1471 conuenitur
1295 1432 1440 1471 eadem
1467 1432 1577 1471 bona
1612 1430 1784 1483 pacifice
1809 1432 2041 1483 possideat.

166 1501 301 1541 donec
335 1500 480 1539 eadem
507 1501 668 1551 questio
698 1511 774 1551 per
797 1503 1057 1540 sentenciam
1091 1501 1322 1540 decidatur.
1370 1502 1471 1540 Item
1505 1502 1542 1540 si
1567 1502 1757 1555 uestigia
1791 1502 1855 1540 rei
1887 1500 2041 1541 furtiue

165 1581 293 1609 secus
327 1569 504 1620 aliquam
530 1570 664 1608 uillam
698 1569 970 1620 deperierint.
999 1570 1145 1609 eadem
1178 1571 1275 1609 uilla
1301 1572 1526 1610 occasione
1560 1571 1747 1610 eiusdem
1770 1569 1865 1609 surti
1901 1571 2039 1610 nulla-

166 1642 289 1679 tenus
314 1640 516 1690 puniatur.
565 1639 773 1678 Preterea
799 1640 934 1678 nullus
961 1639 1012 1678 ile
1040 1640 1118 1678 illis
1149 1640 1217 1691 qui
1246 1640 1483 1679 custodiunt
1509 1634 1668 1678 siluam.
1698 1639 1825 1680 debet
1850 1640 2036 1690 spoliare

167 1708 344 1760 aliquem
378 1709 419 1746 in
452 1708 519 1747 uia
553 1707 621 1767 ue)
664 1709 702 1747 in
737 1707 841 1748 soro.
877 1710 954 1748 nisi
989 1714 1085 1748 tunc
1115 1709 1227 1747 illum
1262 1709 1414 1759 spoliet
1455 1708 1621 1760 quando
1657 1710 1814 1748 inuenit
1847 1710 2041 1748 arborem

164 1782 391 1817 secantem.
457 1777 523 1816 Ad
573 1777 654 1816 hoc
695 1777 823 1817 iudex
878 1790 1082 1829 nunquam
1125 1779 1279 1817 iudicet
1320 1779 1359 1817 in
1409 1776 1538 1819 CCC.
1580 1778 1767 1817 denariis
1816 1778 1895 1817 nisi
1942 1778 2051 1817 Lx.

165 1847 346 1897 Insuper
380 1858 585 1898 nunquam
625 1846 765 1886 iudex.
799 1847 926 1886 debet
967 1848 1152 1886 iudicare
1186 1848 1300 1886 solus
1343 1848 1420 1886 nisi
1456 1851 1657 1898 presente
1700 1847 1934 1886 castellano
1968 1850 2041 1886 aut

165 1916 372 1968 aliquibus
406 1916 703 1955 nobilibus.'et
736 1917 900 1968 quando
934 1917 1098 1955 uillicus
1133 1917 1299 1955 iudicat.
1335 1929 1415 1955 non
1450 1916 1577 1956 debet
1610 1917 1672 1955 ire
1706 1916 1757 1956 ad
1792 1916 2039 1967 capiendum

166 1985 381 2025 consilium
415 1985 468 2024 de
501 1985 652 2024 iudicio
679 1985 755 2024 sed
790 1986 944 2025 iudicet
977 1987 1134 2025 sedens
1162 1997 1252 2025 cum
1286 1986 1492 2026 militibus.
1543 1986 1645 2025 Item
1679 1985 1843 2037 quando
1877 1988 2039 2036 tempus

166 2058 233 2094 est
266 2055 328 2093 ire
369 2054 423 2093 ad
457 2054 731 2094 iudicandum.
773 2058 815 2094 et
848 2067 991 2095 omncs
1033 2059 1140 2094 sunt.
1182 2059 1223 2094 et
1254 2055 1419 2094 uillicus
1463 2066 1542 2094 non
1584 2055 1670 2094 uult
1709 2055 1870 2094 uenire.
1911 2055 2040 2094 iudex

166 2123 323 2162 iudicet
369 2134 459 2162 cum
502 2123 708 2163 militibus
759 2127 800 2163 et
840 2124 893 2163 de
941 2135 1060 2163 mane
1101 2135 1268 2175 semper
1315 2128 1357 2162 et
1397 2135 1603 2175 :uniquam
1650 2124 1753 2163 hora
1791 2124 2039 2175 uespertina

168 2204 192 2232 a
242 2192 381 2231 iudice
423 2195 465 2232 et
504 2192 643 2232 uillico
685 2193 876 2232 iudicium
910 2193 1128 2233 habeatur.
1193 2193 1371 2242 Quando
1405 2193 1555 2244 aliquis
1598 2191 1843 2232 interficitur
1881 2194 1922 2232 in
1969 2194 2038 2232 uia

167 2262 258 2301 siue
292 2261 410 2300 homo
450 2261 599 2301 militis.
633 2263 724 2301 siue
765 2263 912 2302 iudicis
946 2264 1038 2302 siue
1078 2263 1203 2302 uillici
1243 2260 1379 2301 suerit.
1421 2260 1613 2301 confusio
1655 2273 1812 2316 magna
1856 2262 1951 2301 inde
1984 2260 2037 2301 fit.

167 2331 304 2370 solent
343 2331 495 2380 apponi
539 2330 701 2370 denarii
741 2343 884 2371 aurum
925 2336 966 2371 et
1007 2338 1245 2385 argentum.
1286 2331 1354 2370 ille
1395 2331 1487 2382 quis
1529 2336 1705 2371 accusat
1746 2336 1788 2371 et
1836 2332 2036 2370 dominus.

167 2399 293 2439 debet
326 2400 468 2438 iurare
501 2411 630 2450 super
670 2404 821 2439 sancta
854 2406 1106 2440 sanctorum.
1171 2401 1256 2440 Pro
1300 2401 1439 2440 debito
1473 2402 1604 2452 siquis
1638 2402 1790 2440 citatus
1823 2399 1960 2439 suerit.
1995 2403 2037 2439 et

167 2469 208 2508 in
248 2469 375 2519 primo
414 2469 588 2508 termino
631 2481 713 2508 non
754 2471 934 2509 astiterit
981 2470 1145 2509 iudicio.
1185 2469 1405 2509 uendatur.
1448 2471 1526 2509 nisi
1570 2470 1814 2524 legittimum
1854 2469 2035 2520 probare

167 2539 299 2589 possit
340 2537 669 2589 inpedimentum.
732 2539 912 2590 Insuper
962 2539 1095 2578 nullus
1139 2538 1191 2578 de
1233 2539 1465 2578 hominibus
1507 2539 1698 2578 nobilium
1742 2539 1807 2590 qui
1848 2539 1962 2577 uadit
1995 2538 2034 2576 in

1609 2606 1722 2648 27³³<
