2212 2876
190 362 407 416 premysl,
439 362 633 404 marchio
664 363 902 411 Mor-aviae,
936 364 1192 402 monasterio
1227 361 1485 403 Gradicensz·
1521 374 1602 414 pro
1635 362 1758 401 domo
1792 376 1870 403 sna
1903 365 1946 403 in
1981 363 2061 404 Ol-

191 430 349 473 di-isow
374 431 616 485 (edm-sch)
650 434 689 470 et
718 431 909 470 omnihus
932 431 1127 483 praediis
1163 431 1298 470 eidem
1329 431 1457 470 villae
1479 431 1742 470 attinentibus
1774 433 2062 483 amplissimas

251 501 459 542 libertates
471 502 661 553 Jamque
686 500 887 539 concedit.
940 501 1089 539 Aetam
1115 501 1158 539 in
1197 500 1438 550 Welelzrad,
1466 500 1602 539 Nonis
1628 500 1806 552 Aprilis,
1848 501 2000 540 1234.

319 592 533 665 premisl,
575 611 642 651 dei
682 612 837 665 gracia
878 611 1061 650 marchio
1101 611 1311 665 Morauie,
1352 612 1605 650 monasterio
1647 610 1917 659 Gradieensi,
1951 612 2062 651 Pre-

190 675 510 723 monstratensis
551 680 724 733 ordinis,
767 680 1058 722 olomucensis
1099 680 1298 734 diocesis,
1346 684 1385 720 et
1426 678 1625 719 fratribus
1664 684 1746 719 tam
1793 681 2063 730 presentibus

190 761 310 802 quam
349 748 513 803 futuris,
554 749 800 803 regularem
838 750 962 788 uitam
1003 749 1059 788 ibi
1093 748 1299 800 professis
1334 750 1373 788 in
1417 754 1674 800 perpetuum.
1738 748 1840 790 Cum
1873 747 2062 789 munifica

188 819 433 871 principalis
468 819 729 858 auctoritatis
755 819 974 857 clementia
1007 819 1194 857 omnibus
1220 817 1479 858 benefacere
1514 819 1680 872 debeat,
1708 820 1884 858 maxime
1919 819 2063 858 dome-

189 889 308 928 sticis
341 886 436 927 fidei
469 898 520 926 ac
554 888 657 926 uiris
692 888 924 938 approbate
958 888 1181 940 religionis
1207 889 1333 926 uitam
1367 892 1409 927 et
1440 888 1619 927 habitum
1653 875 1858 943 professis
1893 888 1959 939 qui
1994 887 2063 927 diu

189 960 399 1008 noctuque
433 968 508 1007 pro
542 959 654 995 statu
692 957 837 995 matris
871 956 1057 995 ecclesie
1091 956 1371 1010 gubernatori
1414 957 1587 995 omnium
1622 957 1894 1007 supplicando
1929 956 2063 995 deuo-

190 1026 272 1065 tius
319 1023 587 1079 famulantur,
636 1037 796 1064 manum
846 1025 911 1076 pie
962 1025 1262 1064 consolationis
1313 1037 1363 1064 ac
1413 1027 1522 1064 iuste
1572 1024 1831 1064 defensionis
1872 1025 2062 1076 clypeum

190 1094 370 1146 speciali
410 1095 575 1133 ratione
615 1097 783 1133 tenetur
829 1095 1082 1144 propensius
1123 1095 1353 1133 exhibere:
1405 1099 1631 1145 eapropter
1678 1106 1858 1145 presens
1900 1095 2063 1134 nouerit

191 1166 296 1217 etas,
331 1166 373 1202 et
404 1163 514 1202 sciat
536 1161 689 1217 futura,
722 1162 833 1202 hanc
858 1173 958 1201 esse
991 1162 1238 1216 libertatem,
1271 1174 1389 1214 quam
1423 1161 1586 1213 prefate
1620 1163 1753 1202 domui
1788 1168 1830 1201 et
1862 1161 2063 1202 fratribus

190 1232 247 1271 ibi
281 1232 539 1286 degentibus
564 1232 617 1271 ad
651 1232 889 1282 ampliorem
918 1243 1059 1270 eorum
1085 1232 1446 1285 sustentationem,
1473 1236 1514 1271 et
1545 1232 1597 1271 ob
1623 1233 1802 1283 ipsorum
1832 1233 2063 1270 orationum

189 1301 622 1351 recompensationem
664 1301 881 1340 statuimus
924 1304 966 1340 et
1007 1302 1217 1339 sancimus
1265 1299 1625 1355 irrefragabiliter
1674 1300 1982 1340 obseruandam
2021 1301 2062 1339 111

193 1369 433 1410 oldrisowe
465 1373 508 1409 et
540 1369 728 1408 omnibus
768 1370 927 1420 prediis
961 1370 1094 1408 eidem
1128 1370 1227 1408 ville
1268 1381 1359 1409 cum
1393 1371 1498 1409 omni
1533 1371 1623 1409 iure
1657 1370 1941 1422 attinentibus,
1975 1370 2063 1409 sci-

189 1438 289 1478 licet
327 1443 371 1478 ut
418 1438 472 1478 ab
514 1439 621 1478 omni
669 1449 801 1478 onere
842 1439 1100 1492 tributorum,
1151 1439 1440 1493 vectigalium,
1488 1439 1756 1478 collectarum
1806 1439 2063 1490 aliarumque

191 1508 467 1561 exactionum,
501 1509 592 1547 siue
627 1509 667 1547 in
702 1507 1015 1559 quatuordecIm
1047 1507 1099 1546 ad
1135 1507 1362 1558 principem
1391 1508 1458 1547 vel
1485 1506 1778 1547 beneficiarios
1804 1518 2063 1559 quocumque

190 1576 309 1616 modo
335 1578 598 1616 nominentur
622 1577 924 1630 spectantibus,
952 1580 1095 1615 nostra
1120 1577 1277 1627 pietate
1303 1578 1565 1628 emancipate
1591 1577 1922 1631 dignoscantur,
1955 1576 2063 1615 adii-

191 1646 369 1699 cientes,
412 1650 456 1685 ut
495 1646 631 1685 nullus
672 1647 916 1699 principum,
956 1657 1254 1685 successorum
1292 1650 1541 1699 nostrorum,
1581 1646 1651 1685 uel
1689 1646 1903 1698 baronum,
1943 1645 2063 1685 nobis

191 1714 259 1753 uel
292 1715 355 1753 eis
380 1714 676 1767 subiectorum,
711 1726 784 1765 pro
811 1718 1043 1753 castrorum
1076 1712 1341 1754 edificatione
1366 1715 1434 1754 uel
1467 1713 1797 1768 reedificatione,
1823 1715 1891 1754 uel
1923 1714 2063 1766 aliqua

189 1783 407 1837 ingruenti
442 1783 711 1835 expeditione
752 1783 941 1826 homines
973 1784 1052 1822 iam
1095 1783 1205 1823 dicte
1238 1783 1387 1823 domus
1419 1784 1464 1822 in
1505 1783 1690 1823 Olrz'sow
1721 1784 1792 1823 vel
1830 1784 1872 1822 in
1906 1783 2063 1822 ceter1s

191 1852 362 1906 prediis,
397 1852 531 1892 eidem
571 1853 670 1892 uille
703 1852 1010 1906 adiacentibus,
1053 1863 1143 1892 cum
1177 1853 1283 1891 0111111
1323 1853 1414 1892 11110
1447 1864 1523 1892 suo
1557 1856 1873 1906 commorantes,
1908 1852 2064 1892 audeat

191 1921 439 1973 inquietare.
502 1922 583 1961 Jus
622 1924 772 1976 autem,
816 1920 924 1973 quod
970 1921 1090 1960 datur
1131 1933 1207 1972 pro
1260 1922 1411 1975 capite,
1455 1923 1518 1961 eis
1567 1921 1848 1974 concedimus,
1887 1921 1968 1960 1100
2008 1921 2062 1960 110

190 1987 283 2030 sure
315 1994 574 2030 statuentes:
624 1990 672 2031 Si
707 1991 746 2029 in
780 1989 892 2029 dicta
925 1990 1200 2041 possessione
1234 1990 1409 2043 habitat,
1444 1993 1486 2029 et
1519 1990 1847 2041 deprehenditur
1879 1991 1921 2029 in
1953 1987 2062 2030 furto

191 2057 426 2112 manifesto,
459 2059 526 2098 uel
561 2059 613 2099 de
647 2059 810 2098 occulto
844 2062 1084 2112 accusatur,
1118 2059 1255 2110 quoad
1290 2059 1480 2098 iudicium
1522 2059 1809 2111 quodcumque
1842 2061 2061 2099 conuictus

192 2125 331 2181 suerit,
373 2128 505 2167 eidem
545 2129 801 2168 monasterio
839 2129 950 2168 bona
992 2126 1095 2167 suris
1135 2128 1328 2167 absolute
1370 2132 1629 2168 remaneant.
1693 2129 1871 2168 Judices
1910 2132 2060 2181 autem,

193 2196 246 2236 ad
287 2208 390 2248 quos
430 2200 608 2252 spectat,
649 2197 701 2236 de
740 2208 815 2236 reo
855 2197 1106 2236 sententiam
1155 2200 1432 2248 exequantur.
1497 2197 1546 2238 Si
1585 2208 1690 2237 vero
1731 2196 1831 2236 dicti
1872 2196 2060 2236 homines

193 2277 332 2304 coram
372 2265 575 2305 iudicibus
621 2267 778 2305 nostris
826 2265 1058 2317 culpabiles
1107 2266 1387 2319 inueniantur,
1428 2276 1508 2305 nec
1556 2266 1678 2305 nobis
1727 2277 1806 2305 nec
1854 2265 2060 2305 iudicibus

192 2335 347 2374 nostris
381 2334 607 2374 curialibus
640 2335 707 2373 uel
733 2333 1015 2374 beneficiariis
1048 2334 1202 2386 aliquid
1229 2334 1324 2373 inde
1357 2335 1545 2374 utilitatis
1573 2335 1806 2388 proueniat,
1839 2334 1916 2373 sed
1949 2333 2060 2385 apud

194 2403 344 2442 dictum
377 2403 601 2442 cenobium
641 2403 762 2454 culpe
803 2402 1036 2443 satisfactio
1077 2406 1340 2457 perseueret,
1380 2404 1459 2442 nisi
1501 2404 1542 2443 in
1585 2414 1650 2456 eo,
1690 2404 1732 2442 in
1773 2414 1852 2455 quo
1892 2406 2058 2442 tenetur

193 2472 441 2511 aduersario
466 2471 738 2522 respondere.
789 2470 988 2513 Ceterum
1008 2476 1053 2512 ut
1086 2473 1219 2511 omnia
1245 2472 1433 2512 breuiter
1459 2472 1876 2525 comprehendamus,
1901 2482 2058 2511 omnem

194 2541 422 2594 utilitatem,
439 2541 489 2580 ad
516 2553 591 2580 nos
612 2541 679 2580 vel
698 2552 978 2581 successores
1004 2546 1172 2581 nostros
1195 2541 1260 2580 vel
1281 2539 1574 2581 beneficiarios
1599 2547 1766 2582 nostros
1783 2544 2056 2594 spectantem,
