<?xml version="1.0" encoding="UTF-8"?>
<!DOCTYPE html PUBLIC "-//W3C//DTD XHTML 1.0 Transitional//EN"
    "http://www.w3.org/TR/xhtml1/DTD/xhtml1-transitional.dtd">
<html xmlns="http://www.w3.org/1999/xhtml" xml:lang="en" lang="en">
 <head>
  <title>
</title>
<meta http-equiv="Content-Type" content="text/html;charset=utf-8" />
  <meta name='ocr-system' content='tesseract 3.04.00' />
  <meta name='ocr-capabilities' content='ocr_page ocr_carea ocr_par ocr_line ocrx_word'/>
</head>
<body>
  <div class='ocr_page' id='page_1' title='image "./codexdiplomaticu02morauoft_0358.png"; bbox 0 0 2212 2876; ppageno 0'>
   <div class='ocr_carea' id='block_1_1' title="bbox 1083 85 1189 126">
    <p class='ocr_par' dir='ltr' id='par_1_1' title="bbox 1083 85 1189 126">
     <span class='ocr_line' id='line_1_1' title="bbox 1083 85 1189 126; baseline 0.009 -1"><span class='ocrx_word' id='word_1_1' title='bbox 1083 85 1189 126; x_wconf 76' lang='lat'>348</span> 
     </span>
    </p>
   </div>
   <div class='ocr_carea' id='block_1_2' title="bbox 976 142 1216 147">
    <p class='ocr_par' dir='ltr' id='par_1_2' title="bbox 976 142 1216 147">
     <span class='ocr_line' id='line_1_2' title="bbox 976 142 1216 147; baseline 0 0"><span class='ocrx_word' id='word_1_2' title='bbox 976 142 1216 147; x_wconf 95' lang='lat' dir='ltr'> </span> 
     </span>
    </p>
   </div>
   <div class='ocr_carea' id='block_1_3' title="bbox 1126 140 1287 156">
    <p class='ocr_par' dir='ltr' id='par_1_3' title="bbox 1126 140 1287 156">
     <span class='ocr_line' id='line_1_3' title="bbox 1126 140 1287 156; baseline 0 2720"><span class='ocrx_word' id='word_1_3' title='bbox 1126 140 1287 156; x_wconf 95' lang='lat' dir='ltr'> </span> 
     </span>
    </p>
   </div>
   <div class='ocr_carea' id='block_1_4' title="bbox 196 227 2068 686">
    <p class='ocr_par' dir='ltr' id='par_1_4' title="bbox 196 227 2068 686">
     <span class='ocr_line' id='line_1_4' title="bbox 196 227 2065 281; baseline -0.003 -10"><span class='ocrx_word' id='word_1_4' title='bbox 196 231 435 271; x_wconf 76' lang='lat' dir='ltr'>correxerit</span> <span class='ocrx_word' id='word_1_5' title='bbox 469 239 581 269; x_wconf 84' lang='lat' dir='ltr'>reum</span> <span class='ocrx_word' id='word_1_6' title='bbox 616 240 663 268; x_wconf 87' lang='lat' dir='ltr'>se</span> <span class='ocrx_word' id='word_1_7' title='bbox 703 228 841 267; x_wconf 88' lang='lat' dir='ltr'>diuino</span> <span class='ocrx_word' id='word_1_8' title='bbox 876 228 1250 267; x_wconf 74' lang='lat' dir='ltr'>iudicio&#39;existere</span> <span class='ocrx_word' id='word_1_9' title='bbox 1284 227 1337 267; x_wconf 90' lang='lat' dir='ltr'>de</span> <span class='ocrx_word' id='word_1_10' title='bbox 1369 229 1610 279; x_wconf 86' lang='lat' dir='ltr'>perpetrata</span> <span class='ocrx_word' id='word_1_11' title='bbox 1645 227 1862 278; x_wconf 81' lang='lat' dir='ltr'>iniqvitate</span> <span class='ocrx_word' id='word_1_12' title='bbox 1895 238 2065 281; x_wconf 77' lang='lat' dir='ltr'>cogno-</span> 
     </span>
     <span class='ocr_line' id='line_1_5' title="bbox 198 295 2066 348; baseline -0.003 -8"><span class='ocrx_word' id='word_1_13' title='bbox 198 304 302 340; x_wconf 81' lang='lat' dir='ltr'>scat.</span> <span class='ocrx_word' id='word_1_14' title='bbox 335 304 378 340; x_wconf 88' lang='lat' dir='ltr'>et</span> <span class='ocrx_word' id='word_1_15' title='bbox 402 312 426 339; x_wconf 85' lang='lat' dir='ltr'>a</span> <span class='ocrx_word' id='word_1_16' title='bbox 453 299 739 338; x_wconf 82' lang='lat' dir='ltr'>sacratissimo</span> <span class='ocrx_word' id='word_1_17' title='bbox 773 309 952 348; x_wconf 83' lang='lat' dir='ltr'>corpore</span> <span class='ocrx_word' id='word_1_18' title='bbox 984 298 1050 337; x_wconf 91' lang='lat' dir='ltr'>dei</span> <span class='ocrx_word' id='word_1_19' title='bbox 1085 302 1127 337; x_wconf 90' lang='lat' dir='ltr'>et</span> <span class='ocrx_word' id='word_1_20' title='bbox 1154 297 1444 348; x_wconf 85' lang='lat' dir='ltr'>omnipotentis</span> <span class='ocrx_word' id='word_1_21' title='bbox 1469 296 1746 347; x_wconf 80' lang='lat' dir='ltr'>redemptoris</span> <span class='ocrx_word' id='word_1_22' title='bbox 1772 296 1882 336; x_wconf 85' lang='lat' dir='ltr'>Jesv</span> <span class='ocrx_word' id='word_1_23' title='bbox 1909 295 2066 337; x_wconf 79' lang='lat' dir='ltr'>Christi</span> 
     </span>
     <span class='ocr_line' id='line_1_6' title="bbox 198 363 2066 419; baseline -0.004 -10"><span class='ocrx_word' id='word_1_24' title='bbox 198 369 336 409; x_wconf 85' lang='lat' dir='ltr'>aliena</span> <span class='ocrx_word' id='word_1_25' title='bbox 386 367 466 408; x_wconf 86' lang='lat' dir='ltr'>fiat.</span> <span class='ocrx_word' id='word_1_26' title='bbox 517 372 645 419; x_wconf 79' lang='lat' dir='ltr'>atqve</span> <span class='ocrx_word' id='word_1_27' title='bbox 686 370 875 406; x_wconf 80' lang='lat' dir='ltr'>extremo</span> <span class='ocrx_word' id='word_1_28' title='bbox 919 367 1113 406; x_wconf 77' lang='lat' dir='ltr'>examine</span> <span class='ocrx_word' id='word_1_29' title='bbox 1163 365 1352 405; x_wconf 86' lang='lat' dir='ltr'>districte</span> <span class='ocrx_word' id='word_1_30' title='bbox 1402 365 1623 405; x_wconf 85' lang='lat' dir='ltr'>subiaceat</span> <span class='ocrx_word' id='word_1_31' title='bbox 1669 365 1825 404; x_wconf 91' lang='lat' dir='ltr'>vltioni.</span> <span class='ocrx_word' id='word_1_32' title='bbox 1890 363 2066 405; x_wconf 80' lang='lat' dir='ltr'>Cunctis</span> 
     </span>
     <span class='ocr_line' id='line_1_7' title="bbox 197 432 2067 486; baseline -0.003 -8"><span class='ocrx_word' id='word_1_33' title='bbox 197 442 333 479; x_wconf 81' lang='lat' dir='ltr'>autem</span> <span class='ocrx_word' id='word_1_34' title='bbox 383 438 515 477; x_wconf 89' lang='lat' dir='ltr'>eidem</span> <span class='ocrx_word' id='word_1_35' title='bbox 560 438 650 475; x_wconf 84' lang='lat' dir='ltr'>loco</span> <span class='ocrx_word' id='word_1_36' title='bbox 693 437 782 475; x_wconf 89' lang='lat' dir='ltr'>iura</span> <span class='ocrx_word' id='word_1_37' title='bbox 823 436 1096 475; x_wconf 72' lang='lat' dir='ltr'>servantibus</span> <span class='ocrx_word' id='word_1_38' title='bbox 1146 436 1201 474; x_wconf 89' lang='lat' dir='ltr'>sit</span> <span class='ocrx_word' id='word_1_39' title='bbox 1241 447 1326 486; x_wconf 85' lang='lat' dir='ltr'>pax</span> <span class='ocrx_word' id='word_1_40' title='bbox 1374 434 1523 474; x_wconf 92' lang='lat' dir='ltr'>domini</span> <span class='ocrx_word' id='word_1_41' title='bbox 1564 434 1696 473; x_wconf 87' lang='lat' dir='ltr'>nostri</span> <span class='ocrx_word' id='word_1_42' title='bbox 1741 434 1850 473; x_wconf 85' lang='lat' dir='ltr'>Jesu</span> <span class='ocrx_word' id='word_1_43' title='bbox 1894 432 2067 474; x_wconf 84' lang='lat' dir='ltr'>Christi.</span> 
     </span>
     <span class='ocr_line' id='line_1_8' title="bbox 200 502 2066 560; baseline -0.004 -13"><span class='ocrx_word' id='word_1_44' title='bbox 200 509 395 560; x_wconf 74' lang='lat' dir='ltr'>qvatinus</span> <span class='ocrx_word' id='word_1_45' title='bbox 429 511 471 546; x_wconf 85' lang='lat' dir='ltr'>et</span> <span class='ocrx_word' id='word_1_46' title='bbox 503 506 570 545; x_wconf 89' lang='lat' dir='ltr'>hic</span> <span class='ocrx_word' id='word_1_47' title='bbox 606 504 765 544; x_wconf 71' lang='lat' dir='ltr'>fructus</span> <span class='ocrx_word' id='word_1_48' title='bbox 800 505 909 544; x_wconf 88' lang='lat' dir='ltr'>bone</span> <span class='ocrx_word' id='word_1_49' title='bbox 932 506 1109 543; x_wconf 85' lang='lat' dir='ltr'>actionis</span> <span class='ocrx_word' id='word_1_50' title='bbox 1143 505 1388 556; x_wconf 76' lang='lat' dir='ltr'>percipiant.</span> <span class='ocrx_word' id='word_1_51' title='bbox 1423 507 1466 542; x_wconf 91' lang='lat' dir='ltr'>et</span> <span class='ocrx_word' id='word_1_52' title='bbox 1488 503 1595 557; x_wconf 83' lang='lat' dir='ltr'>apud</span> <span class='ocrx_word' id='word_1_53' title='bbox 1632 503 1860 542; x_wconf 87' lang='lat' dir='ltr'>districtum</span> <span class='ocrx_word' id='word_1_54' title='bbox 1889 502 2066 541; x_wconf 90' lang='lat' dir='ltr'>ivdicem</span> 
     </span>
     <span class='ocr_line' id='line_1_9' title="bbox 198 571 2068 628; baseline -0.003 -12"><span class='ocrx_word' id='word_1_55' title='bbox 198 577 355 628; x_wconf 84' lang='lat' dir='ltr'>premia</span> <span class='ocrx_word' id='word_1_56' title='bbox 389 579 536 615; x_wconf 90' lang='lat' dir='ltr'>eterne</span> <span class='ocrx_word' id='word_1_57' title='bbox 572 575 688 625; x_wconf 88' lang='lat' dir='ltr'>pacis</span> <span class='ocrx_word' id='word_1_58' title='bbox 722 575 951 613; x_wconf 78' lang='lat' dir='ltr'>Inveniant.</span> <span class='ocrx_word' id='word_1_59' title='bbox 991 574 1141 613; x_wconf 83' lang='lat' dir='ltr'>Amen.</span> <span class='ocrx_word' id='word_1_60' title='bbox 1206 574 1359 613; x_wconf 83' lang='lat' dir='ltr'>Datum</span> <span class='ocrx_word' id='word_1_61' title='bbox 1398 573 1440 612; x_wconf 91' lang='lat' dir='ltr'>in</span> <span class='ocrx_word' id='word_1_62' title='bbox 1473 571 1677 612; x_wconf 72' lang='lat' dir='ltr'>Mohihiiz</span> <span class='ocrx_word' id='word_1_63' title='bbox 1720 583 1829 611; x_wconf 85' lang='lat' dir='ltr'>anno</span> <span class='ocrx_word' id='word_1_64' title='bbox 1864 571 2068 611; x_wconf 87' lang='lat' dir='ltr'>dominice</span> 
     </span>
     <span class='ocr_line' id='line_1_10' title="bbox 197 641 1175 686; baseline -0.004 -1"><span class='ocrx_word' id='word_1_65' title='bbox 197 645 502 686; x_wconf 79' lang='lat' dir='ltr'>incarnationis</span> <span class='ocrx_word' id='word_1_66' title='bbox 535 644 760 683; x_wconf 75' lang='lat' dir='ltr'>Millesimo</span> <span class='ocrx_word' id='word_1_67' title='bbox 796 641 885 684; x_wconf 90' lang='lat' dir='ltr'>CC.</span> <span class='ocrx_word' id='word_1_68' title='bbox 920 642 1175 683; x_wconf 70' lang='lat' dir='ltr'>xxxvlll.</span> 
     </span>
    </p>
   </div>
   <div class='ocr_carea' id='block_1_5' title="bbox 510 754 1512 800">
    <p class='ocr_par' dir='ltr' id='par_1_5' title="bbox 510 754 1512 800">
     <span class='ocr_line' id='line_1_11' title="bbox 510 754 1512 800; baseline -0.003 -12"><span class='ocrx_word' id='word_1_69' title='bbox 510 757 562 788; x_wconf 82' lang='lat' dir='ltr'>Ex</span> <span class='ocrx_word' id='word_1_70' title='bbox 588 756 783 800; x_wconf 77' lang='lat' dir='ltr'>originali</span> <span class='ocrx_word' id='word_1_71' title='bbox 811 757 841 787; x_wconf 91' lang='lat' dir='ltr'>in</span> <span class='ocrx_word' id='word_1_72' title='bbox 866 756 1002 788; x_wconf 81' lang='lat' dir='ltr'>archivo</span> <span class='ocrx_word' id='word_1_73' title='bbox 1033 755 1317 789; x_wconf 76' lang='lat' dir='ltr'>Melitensium</span> <span class='ocrx_word' id='word_1_74' title='bbox 1341 754 1512 795; x_wconf 57' lang='lat' dir='ltr'>pragam</span> 
     </span>
    </p>
   </div>
   <div class='ocr_carea' id='block_1_6' title="bbox 988 944 1273 988">
    <p class='ocr_par' dir='ltr' id='par_1_6' title="bbox 988 944 1273 988">
     <span class='ocr_line' id='line_1_12' title="bbox 988 944 1273 988; baseline -0.007 -1"><span class='ocrx_word' id='word_1_75' title='bbox 988 944 1148 988; x_wconf 83' lang='lat' dir='ltr'>CCXC</span> <span class='ocrx_word' id='word_1_76' title='bbox 1157 946 1273 986; x_wconf 88' lang='lat' dir='ltr'><strong>VIII.</strong></span> 
     </span>
    </p>
   </div>
   <div class='ocr_carea' id='block_1_7' title="bbox 194 1051 2086 1244">
    <p class='ocr_par' dir='ltr' id='par_1_7' title="bbox 194 1051 2086 1244">
     <span class='ocr_line' id='line_1_13' title="bbox 194 1051 2086 1108; baseline -0.001 -15"><span class='ocrx_word' id='word_1_77' title='bbox 194 1055 425 1105; x_wconf 60' lang='lat' dir='ltr'>,Roherltmy</span> <span class='ocrx_word' id='word_1_78' title='bbox 469 1057 692 1108; x_wconf 73' lang='lat' dir='ltr'>episeopus·</span> <span class='ocrx_word' id='word_1_79' title='bbox 737 1055 1046 1105; x_wconf 59' lang='lat' dir='ltr'>Olonna-ensis,</span> <span class='ocrx_word' id='word_1_80' title='bbox 1089 1054 1289 1106; x_wconf 68' lang='lat' dir='ltr'>hospitali</span> <span class='ocrx_word' id='word_1_81' title='bbox 1330 1054 1467 1093; x_wconf 70' lang='grc' dir='ltr'><strong>311110Ιί</strong></span> <span class='ocrx_word' id='word_1_82' title='bbox 1508 1051 1698 1105; x_wconf 66' lang='lat' dir='ltr'>Spiritus</span> <span class='ocrx_word' id='word_1_83' title='bbox 1741 1056 1835 1092; x_wconf 74' lang='grc'><strong>(11110</strong></span> <span class='ocrx_word' id='word_1_84' title='bbox 1873 1053 2086 1099; x_wconf 67' lang='lat' dir='ltr'>Bramme„</span> 
     </span>
     <span class='ocr_line' id='line_1_14' title="bbox 198 1122 2072 1177; baseline -0.002 -13"><span class='ocrx_word' id='word_1_85' title='bbox 198 1125 421 1177; x_wconf 73' lang='lat' dir='ltr'>confirma!</span> <span class='ocrx_word' id='word_1_86' title='bbox 451 1125 508 1164; x_wconf 77' lang='lat' dir='ltr'>acl</span> <span class='ocrx_word' id='word_1_87' title='bbox 537 1126 771 1177; x_wconf 70' lang='lat' dir='ltr'>pelile‘onem</span> <span class='ocrx_word' id='word_1_88' title='bbox 810 1124 1055 1177; x_wconf 69' lang='lat' dir='ltr'>simedaloris</span> <span class='ocrx_word' id='word_1_89' title='bbox 1089 1127 1128 1162; x_wconf 71' lang='lat' dir='ltr'>et</span> <span class='ocrx_word' id='word_1_90' title='bbox 1153 1124 1449 1176; x_wconf 70' lang='lat' dir='ltr'>procuratoris</span> <span class='ocrx_word' id='word_1_91' title='bbox 1481 1122 1663 1163; x_wconf 72' lang='lat' dir='ltr'>lele&#39;ni</span> <span class='ocrx_word' id='word_1_92' title='bbox 1695 1122 1881 1161; x_wconf 74' lang='lat' dir='ltr'>decimas</span> <span class='ocrx_word' id='word_1_93' title='bbox 1914 1135 1939 1160; x_wconf 81' lang='lat' dir='ltr'>a</span> <span class='ocrx_word' id='word_1_94' title='bbox 1972 1133 2072 1173; x_wconf 55' lang='lat' dir='ltr'>rege</span> 
     </span>
     <span class='ocr_line' id='line_1_15' title="bbox 283 1190 1994 1244; baseline -0.002 -11"><span class='ocrx_word' id='word_1_95' title='bbox 283 1194 531 1233; x_wconf 52' lang='lat' dir='ltr'>wenceslao</span> <span class='ocrx_word' id='word_1_96' title='bbox 572 1194 760 1233; x_wconf 58' lang='lat' dir='ltr'>collam-e.</span> <span class='ocrx_word' id='word_1_97' title='bbox 828 1194 898 1233; x_wconf 70' lang='lat' dir='ltr'>m.</span> <span class='ocrx_word' id='word_1_98' title='bbox 931 1194 1123 1244; x_wconf 62' lang='lat' dir='ltr'>Brumae,</span> <span class='ocrx_word' id='word_1_99' title='bbox 1165 1192 1237 1233; x_wconf 67' lang='grc' dir='ltr'>ΓΙ.</span> <span class='ocrx_word' id='word_1_100' title='bbox 1271 1191 1496 1233; x_wconf 73' lang='lat' dir='ltr'>Kalendas</span> <span class='ocrx_word' id='word_1_101' title='bbox 1529 1190 1805 1244; x_wconf 64' lang='lat' dir='ltr'>Septembri-9,</span> <span class='ocrx_word' id='word_1_102' title='bbox 1843 1191 1994 1232; x_wconf 76' lang='lat'><strong>1238.</strong></span> 
     </span>
    </p>
   </div>
   <div class='ocr_carea' id='block_1_8' title="bbox 198 1288 2074 2400">
    <p class='ocr_par' dir='ltr' id='par_1_8' title="bbox 198 1288 2074 2400">
     <span class='ocr_line' id='line_1_16' title="bbox 329 1288 2071 1360; baseline -0.003 -13"><span class='ocrx_word' id='word_1_103' title='bbox 329 1288 572 1348; x_wconf 79' lang='lat' dir='ltr'>Rubertus</span> <span class='ocrx_word' id='word_1_104' title='bbox 607 1306 673 1345; x_wconf 87' lang='lat' dir='ltr'>dei</span> <span class='ocrx_word' id='word_1_105' title='bbox 707 1307 849 1360; x_wconf 73' lang='lat' dir='ltr'>gratia</span> <span class='ocrx_word' id='word_1_106' title='bbox 885 1291 1176 1346; x_wconf 84' lang='lat' dir='ltr'>Olomncensis</span> <span class='ocrx_word' id='word_1_107' title='bbox 1219 1305 1459 1356; x_wconf 85' lang='lat' dir='ltr'>episcopus.</span> <span class='ocrx_word' id='word_1_108' title='bbox 1525 1302 1724 1343; x_wconf 81' lang='lat' dir='ltr'>Omnibus</span> <span class='ocrx_word' id='word_1_109' title='bbox 1766 1301 1925 1344; x_wconf 77' lang='lat' dir='ltr'>Christi</span> <span class='ocrx_word' id='word_1_110' title='bbox 1967 1301 2071 1342; x_wconf 87' lang='lat' dir='ltr'>fide-</span> 
     </span>
     <span class='ocr_line' id='line_1_17' title="bbox 198 1372 2072 1426; baseline -0.003 -10"><span class='ocrx_word' id='word_1_111' title='bbox 198 1378 307 1416; x_wconf 78' lang='lat' dir='ltr'>lihus</span> <span class='ocrx_word' id='word_1_112' title='bbox 341 1376 418 1416; x_wconf 84' lang='lat' dir='ltr'>has</span> <span class='ocrx_word' id='word_1_113' title='bbox 460 1376 621 1415; x_wconf 73' lang='lat' dir='ltr'>litteras</span> <span class='ocrx_word' id='word_1_114' title='bbox 665 1376 917 1426; x_wconf 79' lang='lat' dir='ltr'>inspecturis</span> <span class='ocrx_word' id='word_1_115' title='bbox 957 1376 1131 1414; x_wconf 89' lang='lat' dir='ltr'>salutem</span> <span class='ocrx_word' id='word_1_116' title='bbox 1172 1375 1213 1413; x_wconf 93' lang='lat' dir='ltr'>in</span> <span class='ocrx_word' id='word_1_117' title='bbox 1254 1373 1429 1413; x_wconf 88' lang='lat' dir='ltr'>domino.</span> <span class='ocrx_word' id='word_1_118' title='bbox 1495 1372 1618 1412; x_wconf 85' lang='lat' dir='ltr'>Licet</span> <span class='ocrx_word' id='word_1_119' title='bbox 1657 1384 1740 1412; x_wconf 89' lang='grc'><strong>11011</strong></span> <span class='ocrx_word' id='word_1_120' title='bbox 1782 1373 1836 1412; x_wconf 87' lang='grc'>511</span> <span class='ocrx_word' id='word_1_121' title='bbox 1875 1372 2072 1412; x_wconf 88' lang='lat' dir='ltr'>laicorum</span> 
     </span>
     <span class='ocr_line' id='line_1_18' title="bbox 199 1441 2072 1498; baseline -0.002 -13"><span class='ocrx_word' id='word_1_122' title='bbox 199 1446 350 1498; x_wconf 78' lang='lat' dir='ltr'>aliquid</span> <span class='ocrx_word' id='word_1_123' title='bbox 378 1445 576 1485; x_wconf 82' lang='lat' dir='ltr'>ordinare</span> <span class='ocrx_word' id='word_1_124' title='bbox 604 1445 655 1484; x_wconf 82' lang='lat' dir='ltr'>de</span> <span class='ocrx_word' id='word_1_125' title='bbox 683 1445 812 1485; x_wconf 87' lang='lat' dir='ltr'>rebus</span> <span class='ocrx_word' id='word_1_126' title='bbox 842 1445 1147 1484; x_wconf 86' lang='lat' dir='ltr'>ecclesiasticis</span> <span class='ocrx_word' id='word_1_127' title='bbox 1174 1447 1214 1483; x_wconf 87' lang='lat' dir='ltr'>et</span> <span class='ocrx_word' id='word_1_128' title='bbox 1249 1443 1419 1482; x_wconf 85' lang='lat' dir='ltr'>decimis</span> <span class='ocrx_word' id='word_1_129' title='bbox 1454 1442 1506 1481; x_wconf 88' lang='lat' dir='ltr'>ad</span> <span class='ocrx_word' id='word_1_130' title='bbox 1541 1442 1749 1481; x_wconf 86' lang='lat' dir='ltr'>ecclesias</span> <span class='ocrx_word' id='word_1_131' title='bbox 1783 1441 2072 1493; x_wconf 78' lang='lat' dir='ltr'>spectantibus</span> 
     </span>
     <span class='ocr_line' id='line_1_19' title="bbox 202 1511 2074 1568; baseline -0.003 -14"><span class='ocrx_word' id='word_1_132' title='bbox 202 1528 252 1555; x_wconf 87' lang='lat' dir='ltr'>ac</span> <span class='ocrx_word' id='word_1_133' title='bbox 282 1516 481 1567; x_wconf 87' lang='lat' dir='ltr'>precipue</span> <span class='ocrx_word' id='word_1_134' title='bbox 516 1514 567 1553; x_wconf 85' lang='lat' dir='ltr'>ad</span> <span class='ocrx_word' id='word_1_135' title='bbox 595 1516 880 1568; x_wconf 83' lang='lat' dir='ltr'>episcopatum</span> <span class='ocrx_word' id='word_1_136' title='bbox 913 1514 1205 1554; x_wconf 73' lang='lat' dir='ltr'>olomucensis</span> <span class='ocrx_word' id='word_1_137' title='bbox 1239 1512 1425 1552; x_wconf 87' lang='lat' dir='ltr'>ecclesie</span> <span class='ocrx_word' id='word_1_138' title='bbox 1449 1511 1769 1564; x_wconf 85' lang='lat' dir='ltr'>pertinentibus.</span> <span class='ocrx_word' id='word_1_139' title='bbox 1803 1514 1941 1550; x_wconf 86' lang='lat' dir='ltr'>tamen</span> <span class='ocrx_word' id='word_1_140' title='bbox 1976 1511 2074 1562; x_wconf 82' lang='lat' dir='ltr'>quia</span> 
     </span>
     <span class='ocr_line' id='line_1_20' title="bbox 199 1582 2072 1634; baseline -0.002 -10"><span class='ocrx_word' id='word_1_141' title='bbox 199 1596 310 1625; x_wconf 84' lang='lat' dir='ltr'>nona</span> <span class='ocrx_word' id='word_1_142' title='bbox 344 1584 487 1624; x_wconf 88' lang='lat' dir='ltr'>domus</span> <span class='ocrx_word' id='word_1_143' title='bbox 522 1587 588 1623; x_wconf 89' lang='lat' dir='ltr'>est</span> <span class='ocrx_word' id='word_1_144' title='bbox 621 1583 828 1634; x_wconf 88' lang='lat' dir='ltr'>hospitale</span> <span class='ocrx_word' id='word_1_145' title='bbox 860 1583 999 1623; x_wconf 83' lang='lat' dir='ltr'>sancti</span> <span class='ocrx_word' id='word_1_146' title='bbox 1031 1582 1216 1634; x_wconf 86' lang='lat' dir='ltr'>Spiritus</span> <span class='ocrx_word' id='word_1_147' title='bbox 1250 1586 1347 1622; x_wconf 89' lang='lat' dir='ltr'>ante</span> <span class='ocrx_word' id='word_1_148' title='bbox 1380 1582 1593 1621; x_wconf 89' lang='lat' dir='ltr'>Brunnam</span> <span class='ocrx_word' id='word_1_149' title='bbox 1626 1583 1668 1621; x_wconf 90' lang='lat' dir='ltr'>et</span> <span class='ocrx_word' id='word_1_150' title='bbox 1700 1584 1887 1632; x_wconf 87' lang='lat' dir='ltr'>tempore</span> <span class='ocrx_word' id='word_1_151' title='bbox 1928 1584 2072 1620; x_wconf 83' lang='lat' dir='ltr'>nostro</span> 
     </span>
     <span class='ocr_line' id='line_1_21' title="bbox 202 1648 2073 1705; baseline -0.003 -12"><span class='ocrx_word' id='word_1_152' title='bbox 202 1660 268 1693; x_wconf 83' lang='lat' dir='ltr'>est</span> <span class='ocrx_word' id='word_1_153' title='bbox 308 1653 482 1693; x_wconf 83' lang='lat' dir='ltr'>fundata</span> <span class='ocrx_word' id='word_1_154' title='bbox 524 1656 565 1693; x_wconf 88' lang='lat' dir='ltr'>et</span> <span class='ocrx_word' id='word_1_155' title='bbox 605 1653 742 1705; x_wconf 82' lang='lat' dir='ltr'>quoad</span> <span class='ocrx_word' id='word_1_156' title='bbox 786 1654 849 1692; x_wconf 89' lang='lat' dir='ltr'>ius</span> <span class='ocrx_word' id='word_1_157' title='bbox 890 1652 1108 1704; x_wconf 82' lang='lat' dir='ltr'>spirituale</span> <span class='ocrx_word' id='word_1_158' title='bbox 1148 1663 1225 1705; x_wconf 90' lang='lat' dir='ltr'>per</span> <span class='ocrx_word' id='word_1_159' title='bbox 1276 1662 1354 1690; x_wconf 89' lang='lat' dir='ltr'>nos</span> <span class='ocrx_word' id='word_1_160' title='bbox 1394 1650 1622 1701; x_wconf 87' lang='lat' dir='ltr'>specialius</span> <span class='ocrx_word' id='word_1_161' title='bbox 1663 1653 1729 1689; x_wconf 89' lang='lat' dir='ltr'>est</span> <span class='ocrx_word' id='word_1_162' title='bbox 1775 1649 1971 1689; x_wconf 86' lang='lat' dir='ltr'>inchoata</span> <span class='ocrx_word' id='word_1_163' title='bbox 2019 1648 2073 1688; x_wconf 86' lang='lat' dir='ltr'>ad</span> 
     </span>
     <span class='ocr_line' id='line_1_22' title="bbox 199 1719 2074 1775; baseline -0.003 -13"><span class='ocrx_word' id='word_1_164' title='bbox 199 1725 437 1775; x_wconf 82' lang='lat' dir='ltr'>petitionem</span> <span class='ocrx_word' id='word_1_165' title='bbox 471 1723 637 1763; x_wconf 83' lang='lat' dir='ltr'>Rudlini</span> <span class='ocrx_word' id='word_1_166' title='bbox 673 1723 804 1774; x_wconf 85' lang='lat' dir='ltr'>ipsius</span> <span class='ocrx_word' id='word_1_167' title='bbox 839 1721 1063 1761; x_wconf 80' lang='lat' dir='ltr'>fidelissimi</span> <span class='ocrx_word' id='word_1_168' title='bbox 1097 1721 1397 1772; x_wconf 84' lang='lat' dir='ltr'>procuratoris.</span> <span class='ocrx_word' id='word_1_169' title='bbox 1430 1719 1614 1759; x_wconf 88' lang='lat' dir='ltr'>decimas</span> <span class='ocrx_word' id='word_1_170' title='bbox 1649 1730 1754 1771; x_wconf 81' lang='lat' dir='ltr'>quas</span> <span class='ocrx_word' id='word_1_171' title='bbox 1781 1719 1951 1758; x_wconf 87' lang='lat' dir='ltr'>illustris</span> <span class='ocrx_word' id='word_1_172' title='bbox 1975 1719 2074 1758; x_wconf 85' lang='lat' dir='ltr'>Rex</span> 
     </span>
     <span class='ocr_line' id='line_1_23' title="bbox 199 1787 2074 1841; baseline -0.002 -9"><span class='ocrx_word' id='word_1_173' title='bbox 199 1793 400 1832; x_wconf 81' lang='lat' dir='ltr'>Bohemie</span> <span class='ocrx_word' id='word_1_174' title='bbox 434 1792 731 1831; x_wconf 77' lang='lat' dir='ltr'>Wencezlaus</span> <span class='ocrx_word' id='word_1_175' title='bbox 765 1791 879 1831; x_wconf 84' lang='lat' dir='ltr'>dedit</span> <span class='ocrx_word' id='word_1_176' title='bbox 912 1790 1046 1832; x_wconf 89' lang='lat' dir='ltr'>eidem</span> <span class='ocrx_word' id='word_1_177' title='bbox 1078 1790 1286 1841; x_wconf 86' lang='lat' dir='ltr'>hospitali.</span> <span class='ocrx_word' id='word_1_178' title='bbox 1320 1790 1570 1829; x_wconf 82' lang='lat' dir='ltr'>auctoritate</span> <span class='ocrx_word' id='word_1_179' title='bbox 1604 1792 1750 1828; x_wconf 85' lang='lat' dir='ltr'>nostra</span> <span class='ocrx_word' id='word_1_180' title='bbox 1784 1787 1894 1827; x_wconf 91' lang='lat' dir='ltr'>dicte</span> <span class='ocrx_word' id='word_1_181' title='bbox 1938 1788 2074 1828; x_wconf 89' lang='lat' dir='ltr'>domui</span> 
     </span>
     <span class='ocr_line' id='line_1_24' title="bbox 201 1857 2073 1912; baseline -0.002 -12"><span class='ocrx_word' id='word_1_182' title='bbox 201 1861 488 1901; x_wconf 69' lang='lat' dir='ltr'>confirmamus</span> <span class='ocrx_word' id='word_1_183' title='bbox 523 1866 563 1900; x_wconf 83' lang='lat' dir='ltr'>et</span> <span class='ocrx_word' id='word_1_184' title='bbox 604 1861 799 1912; x_wconf 85' lang='lat' dir='ltr'>quidquid</span> <span class='ocrx_word' id='word_1_185' title='bbox 843 1861 1029 1900; x_wconf 88' lang='lat' dir='ltr'>dominus</span> <span class='ocrx_word' id='word_1_186' title='bbox 1072 1860 1113 1899; x_wconf 91' lang='lat' dir='ltr'>in</span> <span class='ocrx_word' id='word_1_187' title='bbox 1153 1859 1234 1898; x_wconf 88' lang='lat' dir='ltr'>hac</span> <span class='ocrx_word' id='word_1_188' title='bbox 1276 1862 1396 1910; x_wconf 86' lang='lat' dir='ltr'>parte</span> <span class='ocrx_word' id='word_1_189' title='bbox 1439 1858 1645 1898; x_wconf 86' lang='lat' dir='ltr'>ordinauit</span> <span class='ocrx_word' id='word_1_190' title='bbox 1684 1860 1818 1897; x_wconf 88' lang='lat' dir='ltr'>ratum</span> <span class='ocrx_word' id='word_1_191' title='bbox 1856 1857 2073 1897; x_wconf 87' lang='lat' dir='ltr'>habemus.</span> 
     </span>
     <span class='ocr_line' id='line_1_25' title="bbox 200 1926 2073 1980; baseline -0.002 -10"><span class='ocrx_word' id='word_1_192' title='bbox 200 1932 314 1971; x_wconf 70' lang='lat' dir='ltr'>ssata</span> <span class='ocrx_word' id='word_1_193' title='bbox 350 1932 519 1970; x_wconf 87' lang='lat' dir='ltr'>Brunne</span> <span class='ocrx_word' id='word_1_194' title='bbox 553 1931 629 1970; x_wconf 74' lang='lat' dir='ltr'>vl.</span> <span class='ocrx_word' id='word_1_195' title='bbox 662 1930 885 1970; x_wconf 84' lang='lat' dir='ltr'>Kalendas</span> <span class='ocrx_word' id='word_1_196' title='bbox 913 1929 1189 1980; x_wconf 87' lang='lat' dir='ltr'>Septembris.</span> <span class='ocrx_word' id='word_1_197' title='bbox 1223 1940 1332 1968; x_wconf 89' lang='lat' dir='ltr'>anno</span> <span class='ocrx_word' id='word_1_198' title='bbox 1359 1927 1411 1966; x_wconf 83' lang='lat' dir='ltr'>ab</span> <span class='ocrx_word' id='word_1_199' title='bbox 1439 1926 1728 1966; x_wconf 88' lang='lat' dir='ltr'>incarnatione</span> <span class='ocrx_word' id='word_1_200' title='bbox 1755 1926 1902 1966; x_wconf 90' lang='lat' dir='ltr'>domini</span> <span class='ocrx_word' id='word_1_201' title='bbox 1927 1926 2073 1966; x_wconf 82' lang='lat' dir='ltr'>Mille-</span> 
     </span>
     <span class='ocr_line' id='line_1_26' title="bbox 202 1991 2071 2051; baseline -0.002 -11"><span class='ocrx_word' id='word_1_202' title='bbox 202 2002 302 2040; x_wconf 84' lang='lat' dir='ltr'>simo</span> <span class='ocrx_word' id='word_1_203' title='bbox 337 1999 670 2042; x_wconf 78' lang='lat' dir='ltr'>CCXXXVIII.</span> <span class='ocrx_word' id='word_1_204' title='bbox 695 1998 959 2051; x_wconf 83' lang='lat' dir='ltr'>pontificatus</span> <span class='ocrx_word' id='word_1_205' title='bbox 993 1999 1124 2038; x_wconf 88' lang='lat' dir='ltr'>nostri</span> <span class='ocrx_word' id='word_1_206' title='bbox 1158 1991 1267 2037; x_wconf 81' lang='lat' dir='ltr'>anno</span> <span class='ocrx_word' id='word_1_207' title='bbox 1291 1996 1546 2038; x_wconf 86' lang='lat' dir='ltr'><strong>XXXVIII.</strong></span> <span class='ocrx_word' id='word_1_208' title='bbox 1603 1995 1673 2035; x_wconf 89' lang='lat' dir='ltr'>Ad</span> <span class='ocrx_word' id='word_1_209' title='bbox 1706 1997 1902 2035; x_wconf 85' lang='lat' dir='ltr'>maiorem</span> <span class='ocrx_word' id='word_1_210' title='bbox 1936 2000 2071 2036; x_wconf 86' lang='lat' dir='ltr'>autem</span> 
     </span>
     <span class='ocr_line' id='line_1_27' title="bbox 203 2065 2074 2120; baseline -0.001 -11"><span class='ocrx_word' id='word_1_211' title='bbox 203 2070 407 2109; x_wconf 85' lang='lat' dir='ltr'>cautelam</span> <span class='ocrx_word' id='word_1_212' title='bbox 442 2073 483 2108; x_wconf 89' lang='lat' dir='ltr'>et</span> <span class='ocrx_word' id='word_1_213' title='bbox 515 2080 742 2120; x_wconf 87' lang='lat' dir='ltr'>pauperum</span> <span class='ocrx_word' id='word_1_214' title='bbox 776 2069 817 2108; x_wconf 94' lang='lat' dir='ltr'>in</span> <span class='ocrx_word' id='word_1_215' title='bbox 850 2069 1089 2119; x_wconf 88' lang='lat' dir='ltr'>prescripta</span> <span class='ocrx_word' id='word_1_216' title='bbox 1122 2066 1240 2107; x_wconf 88' lang='lat' dir='ltr'>domo</span> <span class='ocrx_word' id='word_1_217' title='bbox 1273 2065 1520 2120; x_wconf 79' lang='lat' dir='ltr'>degentium</span> <span class='ocrx_word' id='word_1_218' title='bbox 1553 2069 1797 2117; x_wconf 88' lang='lat' dir='ltr'>perpetuam</span> <span class='ocrx_word' id='word_1_219' title='bbox 1839 2065 2074 2107; x_wconf 83' lang='lat' dir='ltr'>libertatem</span> 
     </span>
     <span class='ocr_line' id='line_1_28' title="bbox 204 2133 2073 2178; baseline -0.003 0"><span class='ocrx_word' id='word_1_220' title='bbox 204 2140 256 2178; x_wconf 89' lang='lat' dir='ltr'>de</span> <span class='ocrx_word' id='word_1_221' title='bbox 280 2138 495 2178; x_wconf 84' lang='lat' dir='ltr'>voluntate</span> <span class='ocrx_word' id='word_1_222' title='bbox 520 2143 561 2177; x_wconf 90' lang='lat' dir='ltr'>et</span> <span class='ocrx_word' id='word_1_223' title='bbox 585 2139 759 2178; x_wconf 92' lang='lat' dir='ltr'>consilio</span> <span class='ocrx_word' id='word_1_224' title='bbox 783 2137 1084 2178; x_wconf 87' lang='lat' dir='ltr'>uenerabilium</span> <span class='ocrx_word' id='word_1_225' title='bbox 1108 2134 1282 2177; x_wconf 85' lang='lat' dir='ltr'>fratrum</span> <span class='ocrx_word' id='word_1_226' title='bbox 1308 2138 1543 2175; x_wconf 84' lang='lat' dir='ltr'>nostrorum</span> <span class='ocrx_word' id='word_1_227' title='bbox 1573 2133 1860 2174; x_wconf 76' lang='lat' dir='ltr'>olomucensis</span> <span class='ocrx_word' id='word_1_228' title='bbox 1888 2133 2073 2173; x_wconf 82' lang='lat' dir='ltr'>ecclesie</span> 
     </span>
     <span class='ocr_line' id='line_1_29' title="bbox 203 2204 2072 2260; baseline -0.003 -13"><span class='ocrx_word' id='word_1_229' title='bbox 203 2209 499 2249; x_wconf 70' lang='lat' dir='ltr'>canonicorum</span> <span class='ocrx_word' id='word_1_230' title='bbox 524 2212 763 2260; x_wconf 83' lang='lat' dir='ltr'>presentem</span> <span class='ocrx_word' id='word_1_231' title='bbox 790 2208 967 2246; x_wconf 86' lang='lat' dir='ltr'>litteram</span> <span class='ocrx_word' id='word_1_232' title='bbox 991 2206 1134 2260; x_wconf 79' lang='lat' dir='ltr'>sigillo</span> <span class='ocrx_word' id='word_1_233' title='bbox 1160 2208 1305 2244; x_wconf 88' lang='lat' dir='ltr'>nostro</span> <span class='ocrx_word' id='word_1_234' title='bbox 1337 2205 1549 2244; x_wconf 87' lang='lat' dir='ltr'>munimus.</span> <span class='ocrx_word' id='word_1_235' title='bbox 1603 2204 1904 2255; x_wconf 79' lang='lat' dir='ltr'>Appi-obantes</span> <span class='ocrx_word' id='word_1_236' title='bbox 1938 2208 2072 2242; x_wconf 85' lang='lat' dir='ltr'>autem</span> 
     </span>
     <span class='ocr_line' id='line_1_30' title="bbox 204 2272 2073 2317; baseline -0.002 -1"><span class='ocrx_word' id='word_1_237' title='bbox 204 2277 360 2317; x_wconf 78' lang='lat' dir='ltr'>fratres</span> <span class='ocrx_word' id='word_1_238' title='bbox 395 2274 525 2316; x_wconf 87' lang='lat' dir='ltr'>nostri</span> <span class='ocrx_word' id='word_1_239' title='bbox 567 2277 759 2315; x_wconf 87' lang='lat' dir='ltr'>canonici</span> <span class='ocrx_word' id='word_1_240' title='bbox 801 2275 1104 2316; x_wconf 88' lang='lat' dir='ltr'>Olomucenses</span> <span class='ocrx_word' id='word_1_241' title='bbox 1147 2277 1331 2314; x_wconf 80' lang='lat' dir='ltr'>nostram</span> <span class='ocrx_word' id='word_1_242' title='bbox 1371 2273 1673 2312; x_wconf 81' lang='lat' dir='ltr'>ordinationem</span> <span class='ocrx_word' id='word_1_243' title='bbox 1714 2277 1756 2313; x_wconf 85' lang='lat' dir='ltr'>et</span> <span class='ocrx_word' id='word_1_244' title='bbox 1796 2272 1901 2312; x_wconf 86' lang='lat' dir='ltr'>idem</span> <span class='ocrx_word' id='word_1_245' title='bbox 1943 2276 2073 2312; x_wconf 84' lang='lat' dir='ltr'>ratum</span> 
     </span>
     <span class='ocr_line' id='line_1_31' title="bbox 205 2344 1629 2400; baseline -0.002 -15"><span class='ocrx_word' id='word_1_246' title='bbox 205 2351 413 2391; x_wconf 75' lang='grc'><strong>1011011105.</strong></span> <span class='ocrx_word' id='word_1_247' title='bbox 448 2346 579 2385; x_wconf 90' lang='lat' dir='ltr'>eidem</span> <span class='ocrx_word' id='word_1_248' title='bbox 614 2348 773 2400; x_wconf 78' lang='lat' dir='ltr'>pagine</span> <span class='ocrx_word' id='word_1_249' title='bbox 807 2346 991 2400; x_wconf 79' lang='lat' dir='ltr'>sigillum</span> <span class='ocrx_word' id='word_1_250' title='bbox 1030 2344 1199 2396; x_wconf 85' lang='lat' dir='ltr'>capituli</span> <span class='ocrx_word' id='word_1_251' title='bbox 1232 2344 1295 2384; x_wconf 89' lang='grc'><strong>5111</strong></span> <span class='ocrx_word' id='word_1_252' title='bbox 1329 2349 1629 2395; x_wconf 85' lang='lat' dir='ltr'>apposuerunt.</span> 
     </span>
    </p>
   </div>
   <div class='ocr_carea' id='block_1_9' title="bbox 518 2460 1521 2506">
    <p class='ocr_par' dir='ltr' id='par_1_9' title="bbox 518 2460 1521 2506">
     <span class='ocr_line' id='line_1_32' title="bbox 518 2460 1521 2506; baseline -0.003 -11"><span class='ocrx_word' id='word_1_253' title='bbox 518 2463 570 2496; x_wconf 75' lang='lat' dir='ltr'>Ex</span> <span class='ocrx_word' id='word_1_254' title='bbox 596 2464 793 2506; x_wconf 74' lang='lat' dir='ltr'>originali</span> <span class='ocrx_word' id='word_1_255' title='bbox 825 2464 853 2494; x_wconf 91' lang='lat' dir='ltr'>in</span> <span class='ocrx_word' id='word_1_256' title='bbox 879 2463 1015 2495; x_wconf 71' lang='lat' dir='ltr'>archivo</span> <span class='ocrx_word' id='word_1_257' title='bbox 1045 2462 1327 2494; x_wconf 75' lang='lat' dir='ltr'>Melitensium</span> <span class='ocrx_word' id='word_1_258' title='bbox 1352 2460 1521 2503; x_wconf 74' lang='lat' dir='ltr'>l‘ragae.</span> 
     </span>
    </p>
   </div>
  </div>
 </body>
</html>
