<?xml version="1.0" encoding="UTF-8"?>
<!DOCTYPE html PUBLIC "-//W3C//DTD XHTML 1.0 Transitional//EN"
    "http://www.w3.org/TR/xhtml1/DTD/xhtml1-transitional.dtd">
<html xmlns="http://www.w3.org/1999/xhtml" xml:lang="en" lang="en">
 <head>
  <title>
</title>
<meta http-equiv="Content-Type" content="text/html;charset=utf-8" />
  <meta name='ocr-system' content='tesseract 3.04.00' />
  <meta name='ocr-capabilities' content='ocr_page ocr_carea ocr_par ocr_line ocrx_word'/>
</head>
<body>
  <div class='ocr_page' id='page_1' title='image "./codexdiplomaticu02morauoft_0343.png"; bbox 0 0 2212 2876; ppageno 0'>
   <div class='ocr_carea' id='block_1_1' title="bbox 1029 131 1134 172">
    <p class='ocr_par' dir='ltr' id='par_1_1' title="bbox 1029 131 1134 172">
     <span class='ocr_line' id='line_1_1' title="bbox 1029 131 1134 172; baseline 0 0"><span class='ocrx_word' id='word_1_1' title='bbox 1029 131 1134 172; x_wconf 88' lang='grc'>333</span> 
     </span>
    </p>
   </div>
   <div class='ocr_carea' id='block_1_2' title="bbox 142 271 2054 1291">
    <p class='ocr_par' dir='ltr' id='par_1_2' title="bbox 142 271 2054 1291">
     <span class='ocr_line' id='line_1_2' title="bbox 149 271 2017 328; baseline 0.003 -16"><span class='ocrx_word' id='word_1_2' title='bbox 149 275 192 312; x_wconf 89' lang='lat' dir='ltr'>et</span> <span class='ocrx_word' id='word_1_3' title='bbox 235 272 367 326; x_wconf 84' lang='lat' dir='ltr'>uigor</span> <span class='ocrx_word' id='word_1_4' title='bbox 413 273 611 325; x_wconf 85' lang='lat' dir='ltr'>equitatis</span> <span class='ocrx_word' id='word_1_5' title='bbox 659 275 701 313; x_wconf 87' lang='lat' dir='ltr'>et</span> <span class='ocrx_word' id='word_1_6' title='bbox 747 271 849 313; x_wconf 89' lang='lat' dir='ltr'>ordo</span> <span class='ocrx_word' id='word_1_7' title='bbox 890 274 1030 328; x_wconf 83' lang='lat' dir='ltr'>exigit</span> <span class='ocrx_word' id='word_1_8' title='bbox 1076 274 1252 314; x_wconf 84' lang='lat' dir='ltr'>rationis</span> <span class='ocrx_word' id='word_1_9' title='bbox 1300 276 1535 326; x_wconf 87' lang='lat' dir='ltr'>presertim.</span> <span class='ocrx_word' id='word_1_10' title='bbox 1583 275 2017 328; x_wconf 86' lang='lat' dir='ltr'>quando-petentium</span> 
     </span>
     <span class='ocr_line' id='line_1_3' title="bbox 148 341 2048 399; baseline 0.003 -18"><span class='ocrx_word' id='word_1_11' title='bbox 148 341 403 381; x_wconf 83' lang='lat' dir='ltr'>voluntatem</span> <span class='ocrx_word' id='word_1_12' title='bbox 437 344 479 381; x_wconf 92' lang='lat' dir='ltr'>et</span> <span class='ocrx_word' id='word_1_13' title='bbox 511 343 648 393; x_wconf 89' lang='lat' dir='ltr'>pietas</span> <span class='ocrx_word' id='word_1_14' title='bbox 690 341 860 382; x_wconf 84' lang='lat' dir='ltr'>adiuuat</span> <span class='ocrx_word' id='word_1_15' title='bbox 899 345 941 382; x_wconf 90' lang='lat' dir='ltr'>et</span> <span class='ocrx_word' id='word_1_16' title='bbox 977 344 1139 382; x_wconf 89' lang='lat' dir='ltr'>ueritas</span> <span class='ocrx_word' id='word_1_17' title='bbox 1179 355 1262 382; x_wconf 91' lang='lat' dir='ltr'>non</span> <span class='ocrx_word' id='word_1_18' title='bbox 1301 343 1509 396; x_wconf 84' lang='lat' dir='ltr'>relinquit.</span> <span class='ocrx_word' id='word_1_19' title='bbox 1573 342 1678 386; x_wconf 86' lang='lat' dir='ltr'>Cum</span> <span class='ocrx_word' id='word_1_20' title='bbox 1717 346 1851 399; x_wconf 80' lang='lat' dir='ltr'>igitur</span> <span class='ocrx_word' id='word_1_21' title='bbox 1896 341 2048 398; x_wconf 77' lang='lat' dir='ltr'>prout‘</span> 
     </span>
     <span class='ocr_line' id='line_1_4' title="bbox 142 408 2049 468; baseline 0.002 -18"><span class='ocrx_word' id='word_1_22' title='bbox 142 412 293 450; x_wconf 86' lang='lat' dir='ltr'>uestra</span> <span class='ocrx_word' id='word_1_23' title='bbox 326 411 446 450; x_wconf 88' lang='lat' dir='ltr'>nobis</span> <span class='ocrx_word' id='word_1_24' title='bbox 479 410 668 450; x_wconf 83' lang='lat' dir='ltr'>exhibita</span> <span class='ocrx_word' id='word_1_25' title='bbox 700 411 842 462; x_wconf 84' lang='lat' dir='ltr'>petitio</span> <span class='ocrx_word' id='word_1_26' title='bbox 877 412 1119 451; x_wconf 88' lang='lat' dir='ltr'>continebat</span> <span class='ocrx_word' id='word_1_27' title='bbox 1149 408 1349 463; x_wconf 84' lang='lat' dir='ltr'>princeps</span> <span class='ocrx_word' id='word_1_28' title='bbox 1382 411 1645 468; x_wconf 78' lang='lat' dir='ltr'>Magnificus</span> <span class='ocrx_word' id='word_1_29' title='bbox 1685 413 1872 454; x_wconf 87' lang='lat' dir='ltr'>dominus</span> <span class='ocrx_word' id='word_1_30' title='bbox 1906 415 2016 454; x_wconf 75' lang='lat' dir='ltr'>Pri·</span> <span class='ocrx_word' id='word_1_31' title='bbox 2044 417 2049 422; x_wconf 90' lang='lat'>&#39;</span> 
     </span>
     <span class='ocr_line' id='line_1_5' title="bbox 143 478 2017 531; baseline 0.003 -13"><span class='ocrx_word' id='word_1_32' title='bbox 143 478 282 518; x_wconf 73' lang='lat' dir='ltr'>miz-el.</span> <span class='ocrx_word' id='word_1_33' title='bbox 352 478 552 519; x_wconf 63' lang='lat' dir='ltr'>Marc-laio</span> <span class='ocrx_word' id='word_1_34' title='bbox 588 480 811 523; x_wconf 31' lang='lat' dir='ltr'>‘Mor-aute.</span> <span class='ocrx_word' id='word_1_35' title='bbox 853 479 1024 520; x_wconf 89' lang='lat' dir='ltr'>illustris</span> <span class='ocrx_word' id='word_1_36' title='bbox 1067 482 1174 531; x_wconf 86' lang='lat' dir='ltr'>pium</span> <span class='ocrx_word' id='word_1_37' title='bbox 1216 481 1480 521; x_wconf 80' lang='lat' dir='ltr'>liberalitatis</span> <span class='ocrx_word' id='word_1_38' title='bbox 1521 485 1563 522; x_wconf 88' lang='lat' dir='ltr'>et</span> <span class='ocrx_word' id='word_1_39' title='bbox 1605 482 1841 523; x_wconf 88' lang='lat' dir='ltr'>deuotionis</span> <span class='ocrx_word' id='word_1_40' title='bbox 1882 483 2017 523; x_wconf 86' lang='lat' dir='ltr'>zelum</span> 
     </span>
     <span class='ocr_line' id='line_1_6' title="bbox 148 549 2018 603; baseline 0.002 -17"><span class='ocrx_word' id='word_1_41' title='bbox 148 557 263 601; x_wconf 83' lang='lat' dir='ltr'>erga</span> <span class='ocrx_word' id='word_1_42' title='bbox 294 559 373 587; x_wconf 89' lang='lat' dir='ltr'>uos</span> <span class='ocrx_word' id='word_1_43' title='bbox 407 551 450 587; x_wconf 87' lang='lat' dir='ltr'>et</span> <span class='ocrx_word' id='word_1_44' title='bbox 473 549 763 588; x_wconf 86' lang='lat' dir='ltr'>monasterium</span> <span class='ocrx_word' id='word_1_45' title='bbox 798 552 981 588; x_wconf 89' lang='lat' dir='ltr'>uestrum</span> <span class='ocrx_word' id='word_1_46' title='bbox 1014 560 1180 603; x_wconf 81' lang='lat' dir='ltr'>gerens</span> <span class='ocrx_word' id='word_1_47' title='bbox 1206 550 1270 589; x_wconf 91' lang='lat' dir='ltr'>ius</span> <span class='ocrx_word' id='word_1_48' title='bbox 1304 554 1549 601; x_wconf 81' lang='lat' dir='ltr'>patronatus</span> <span class='ocrx_word' id='word_1_49' title='bbox 1583 551 1704 591; x_wconf 83' lang='lat' dir='ltr'>Noue</span> <span class='ocrx_word' id='word_1_50' title='bbox 1732 552 1909 591; x_wconf 72' lang='lat' dir='ltr'>ecclesie</span> <span class='ocrx_word' id='word_1_51' title='bbox 1941 553 2018 591; x_wconf 77' lang='lat' dir='ltr'>sile</span> 
     </span>
     <span class='ocr_line' id='line_1_7' title="bbox 148 616 2017 670; baseline 0.002 -15"><span class='ocrx_word' id='word_1_52' title='bbox 148 616 191 655; x_wconf 77' lang='lat' dir='ltr'>in</span> <span class='ocrx_word' id='word_1_53' title='bbox 224 617 412 655; x_wconf 72' lang='lat' dir='ltr'>terminis</span> <span class='ocrx_word' id='word_1_54' title='bbox 446 618 595 669; x_wconf 69' lang='lat' dir='ltr'>opat-ie</span> <span class='ocrx_word' id='word_1_55' title='bbox 628 621 772 657; x_wconf 88' lang='lat' dir='ltr'>nostre</span> <span class='ocrx_word' id='word_1_56' title='bbox 807 617 1006 668; x_wconf 76' lang='lat' dir='ltr'>dyocesis</span> <span class='ocrx_word' id='word_1_57' title='bbox 1040 630 1120 670; x_wconf 86' lang='lat' dir='ltr'>que</span> <span class='ocrx_word' id='word_1_58' title='bbox 1154 618 1356 658; x_wconf 84' lang='lat' dir='ltr'>habuisse</span> <span class='ocrx_word' id='word_1_59' title='bbox 1390 619 1621 659; x_wconf 83' lang='lat' dir='ltr'>dinoscitur</span> <span class='ocrx_word' id='word_1_60' title='bbox 1654 621 1696 659; x_wconf 91' lang='lat' dir='ltr'>in</span> <span class='ocrx_word' id='word_1_61' title='bbox 1727 632 1805 659; x_wconf 93' lang='lat' dir='ltr'>uos</span> <span class='ocrx_word' id='word_1_62' title='bbox 1846 620 2017 660; x_wconf 86' lang='lat' dir='ltr'>duxerit</span> 
     </span>
     <span class='ocr_line' id='line_1_8' title="bbox 144 683 2016 740; baseline 0.002 -16"><span class='ocrx_word' id='word_1_63' title='bbox 144 683 485 725; x_wconf 84' lang='lat' dir='ltr'>transferendum</span> <span class='ocrx_word' id='word_1_64' title='bbox 533 687 642 725; x_wconf 89' lang='lat' dir='ltr'>sicut</span> <span class='ocrx_word' id='word_1_65' title='bbox 688 686 727 725; x_wconf 88' lang='lat' dir='ltr'>in</span> <span class='ocrx_word' id='word_1_66' title='bbox 775 686 928 725; x_wconf 86' lang='lat' dir='ltr'>litteris</span> <span class='ocrx_word' id='word_1_67' title='bbox 970 687 1058 725; x_wconf 90' lang='lat' dir='ltr'>suis</span> <span class='ocrx_word' id='word_1_68' title='bbox 1101 685 1306 726; x_wconf 84' lang='lat' dir='ltr'>confectis</span> <span class='ocrx_word' id='word_1_69' title='bbox 1349 688 1505 728; x_wconf 82' lang='lat' dir='ltr'>exinde</span> <span class='ocrx_word' id='word_1_70' title='bbox 1553 689 1717 740; x_wconf 83' lang='lat' dir='ltr'>plenius</span> <span class='ocrx_word' id='word_1_71' title='bbox 1766 689 2016 728; x_wconf 83' lang='lat' dir='ltr'>continetur.</span> 
     </span>
     <span class='ocr_line' id='line_1_9' title="bbox 144 750 2015 809; baseline 0.002 -16"><span class='ocrx_word' id='word_1_72' title='bbox 144 752 235 793; x_wconf 90' lang='lat' dir='ltr'>Nos</span> <span class='ocrx_word' id='word_1_73' title='bbox 262 758 408 794; x_wconf 80' lang='lat' dir='ltr'>vestre</span> <span class='ocrx_word' id='word_1_74' title='bbox 433 750 667 794; x_wconf 86' lang='lat' dir='ltr'>deuotionis</span> <span class='ocrx_word' id='word_1_75' title='bbox 693 755 1063 807; x_wconf 80' lang='lat' dir='ltr'>supplicationibus</span> <span class='ocrx_word' id='word_1_76' title='bbox 1093 756 1275 795; x_wconf 86' lang='lat' dir='ltr'>inclinati</span> <span class='ocrx_word' id='word_1_77' title='bbox 1302 756 1484 808; x_wconf 88' lang='lat' dir='ltr'>dictique</span> <span class='ocrx_word' id='word_1_78' title='bbox 1511 758 1711 808; x_wconf 87' lang='lat' dir='ltr'>principis</span> <span class='ocrx_word' id='word_1_79' title='bbox 1735 756 1886 797; x_wconf 84' lang='lat' dir='ltr'>factum</span> <span class='ocrx_word' id='word_1_80' title='bbox 1910 758 2015 809; x_wconf 89' lang='lat' dir='ltr'>pium</span> 
     </span>
     <span class='ocr_line' id='line_1_10' title="bbox 146 824 2054 876; baseline 0.001 -13"><span class='ocrx_word' id='word_1_81' title='bbox 146 826 190 863; x_wconf 87' lang='lat' dir='ltr'>et</span> <span class='ocrx_word' id='word_1_82' title='bbox 212 824 427 874; x_wconf 91' lang='lat' dir='ltr'>prouidum</span> <span class='ocrx_word' id='word_1_83' title='bbox 454 824 791 864; x_wconf 80' lang='lat' dir='ltr'>commendantes</span> <span class='ocrx_word' id='word_1_84' title='bbox 814 826 855 864; x_wconf 87' lang='lat' dir='ltr'>in</span> <span class='ocrx_word' id='word_1_85' title='bbox 882 825 1042 864; x_wconf 86' lang='lat' dir='ltr'>domino</span> <span class='ocrx_word' id='word_1_86' title='bbox 1071 825 1190 865; x_wconf 79' lang='lat' dir='ltr'>vobis</span> <span class='ocrx_word' id='word_1_87' title='bbox 1215 826 1279 864; x_wconf 90' lang='lat' dir='ltr'>ius</span> <span class='ocrx_word' id='word_1_88' title='bbox 1301 826 1574 876; x_wconf 85' lang='lat' dir='ltr'>presentandi</span> <span class='ocrx_word' id='word_1_89' title='bbox 1601 826 1652 865; x_wconf 90' lang='lat' dir='ltr'>ad</span> <span class='ocrx_word' id='word_1_90' title='bbox 1681 826 1830 865; x_wconf 86' lang='lat' dir='ltr'>dictam</span> <span class='ocrx_word' id='word_1_91' title='bbox 1853 826 2015 865; x_wconf 89' lang='lat' dir='ltr'>Nouam</span> <span class='ocrx_word' id='word_1_92' title='bbox 2050 854 2054 856; x_wconf 14' lang='grc' dir='ltr'>ἡ</span> 
     </span>
     <span class='ocr_line' id='line_1_11' title="bbox 150 892 2014 946; baseline 0.001 -14"><span class='ocrx_word' id='word_1_93' title='bbox 150 892 375 932; x_wconf 85' lang='lat' dir='ltr'>ecclesiam</span> <span class='ocrx_word' id='word_1_94' title='bbox 415 898 560 932; x_wconf 90' lang='lat' dir='ltr'>nostro</span> <span class='ocrx_word' id='word_1_95' title='bbox 601 897 642 932; x_wconf 91' lang='lat' dir='ltr'>et</span> <span class='ocrx_word' id='word_1_96' title='bbox 682 904 977 932; x_wconf 88' lang='lat' dir='ltr'>successorum</span> <span class='ocrx_word' id='word_1_97' title='bbox 1025 898 1258 932; x_wconf 90' lang='lat' dir='ltr'>nostrorum</span> <span class='ocrx_word' id='word_1_98' title='bbox 1301 898 1343 933; x_wconf 87' lang='lat' dir='ltr'>et</span> <span class='ocrx_word' id='word_1_99' title='bbox 1383 894 1671 934; x_wconf 82' lang='lat' dir='ltr'>archidiaconi</span> <span class='ocrx_word' id='word_1_100' title='bbox 1710 895 1789 934; x_wconf 89' lang='lat' dir='ltr'>loci</span> <span class='ocrx_word' id='word_1_101' title='bbox 1832 896 1898 946; x_wconf 92' lang='lat' dir='ltr'>qui</span> <span class='ocrx_word' id='word_1_102' title='bbox 1938 906 2014 946; x_wconf 89' lang='lat' dir='ltr'>pro</span> 
     </span>
     <span class='ocr_line' id='line_1_12' title="bbox 148 959 2013 1013; baseline 0.001 -13"><span class='ocrx_word' id='word_1_103' title='bbox 148 965 335 1012; x_wconf 87' lang='lat' dir='ltr'>tempore</span> <span class='ocrx_word' id='word_1_104' title='bbox 391 959 516 1001; x_wconf 89' lang='lat' dir='ltr'>suerit</span> <span class='ocrx_word' id='word_1_105' title='bbox 565 973 641 1013; x_wconf 88' lang='lat' dir='ltr'>per</span> <span class='ocrx_word' id='word_1_106' title='bbox 688 963 822 1001; x_wconf 87' lang='lat' dir='ltr'>omnia</span> <span class='ocrx_word' id='word_1_107' title='bbox 857 962 946 1001; x_wconf 90' lang='lat' dir='ltr'>iure</span> <span class='ocrx_word' id='word_1_108' title='bbox 993 962 1113 1000; x_wconf 83' lang='lat' dir='ltr'>salvo</span> <span class='ocrx_word' id='word_1_109' title='bbox 1163 964 1410 1002; x_wconf 87' lang='lat' dir='ltr'>auctoritate</span> <span class='ocrx_word' id='word_1_110' title='bbox 1456 964 1668 1003; x_wconf 85' lang='lat' dir='ltr'>ordinaria</span> <span class='ocrx_word' id='word_1_111' title='bbox 1712 962 2013 1003; x_wconf 85' lang='lat' dir='ltr'>confirmamus.</span> 
     </span>
     <span class='ocr_line' id='line_1_13' title="bbox 144 1029 2012 1083; baseline 0.001 -14"><span class='ocrx_word' id='word_1_112' title='bbox 144 1029 402 1070; x_wconf 82' lang='lat' dir='ltr'>Mandantes</span> <span class='ocrx_word' id='word_1_113' title='bbox 433 1031 510 1070; x_wconf 90' lang='lat' dir='ltr'>sub</span> <span class='ocrx_word' id='word_1_114' title='bbox 537 1032 870 1070; x_wconf 86' lang='lat' dir='ltr'>interminatione</span> <span class='ocrx_word' id='word_1_115' title='bbox 904 1031 1181 1070; x_wconf 82' lang='lat' dir='ltr'>anathematis</span> <span class='ocrx_word' id='word_1_116' title='bbox 1215 1042 1268 1070; x_wconf 90' lang='lat' dir='ltr'>ne</span> <span class='ocrx_word' id='word_1_117' title='bbox 1303 1033 1394 1083; x_wconf 87' lang='lat' dir='ltr'>quis</span> <span class='ocrx_word' id='word_1_118' title='bbox 1428 1032 1538 1071; x_wconf 88' lang='lat' dir='ltr'>hanc</span> <span class='ocrx_word' id='word_1_119' title='bbox 1572 1036 1755 1071; x_wconf 87' lang='lat' dir='ltr'>nostram</span> <span class='ocrx_word' id='word_1_120' title='bbox 1789 1030 2012 1071; x_wconf 86' lang='lat' dir='ltr'>confirma-</span> 
     </span>
     <span class='ocr_line' id='line_1_14' title="bbox 142 1098 2015 1154; baseline 0.001 -16"><span class='ocrx_word' id='word_1_121' title='bbox 142 1099 294 1139; x_wconf 86' lang='lat' dir='ltr'>tionem</span> <span class='ocrx_word' id='word_1_122' title='bbox 327 1103 540 1152; x_wconf 87' lang='lat' dir='ltr'>presumat</span> <span class='ocrx_word' id='word_1_123' title='bbox 571 1098 812 1154; x_wconf 77' lang='lat' dir='ltr'>insringere</span> <span class='ocrx_word' id='word_1_124' title='bbox 854 1100 921 1139; x_wconf 88' lang='lat' dir='ltr'>uel</span> <span class='ocrx_word' id='word_1_125' title='bbox 962 1100 1041 1138; x_wconf 88' lang='lat' dir='ltr'>sibi</span> <span class='ocrx_word' id='word_1_126' title='bbox 1085 1112 1191 1138; x_wconf 86' lang='lat' dir='ltr'>ausu</span> <span class='ocrx_word' id='word_1_127' title='bbox 1224 1102 1447 1140; x_wconf 85' lang='lat' dir='ltr'>temerario</span> <span class='ocrx_word' id='word_1_128' title='bbox 1488 1102 1715 1141; x_wconf 88' lang='lat' dir='ltr'>contraire.</span> <span class='ocrx_word' id='word_1_129' title='bbox 1780 1101 1932 1140; x_wconf 80' lang='lat' dir='ltr'>Datum</span> <span class='ocrx_word' id='word_1_130' title='bbox 1973 1101 2015 1139; x_wconf 92' lang='lat' dir='ltr'>in</span> 
     </span>
     <span class='ocr_line' id='line_1_15' title="bbox 145 1168 2013 1210; baseline 0 -1"><span class='ocrx_word' id='word_1_131' title='bbox 145 1168 463 1209; x_wconf 84' lang='lat' dir='ltr'>Zabardawitz.</span> <span class='ocrx_word' id='word_1_132' title='bbox 526 1170 653 1209; x_wconf 89' lang='lat' dir='ltr'>Anno</span> <span class='ocrx_word' id='word_1_133' title='bbox 688 1169 892 1209; x_wconf 89' lang='lat' dir='ltr'>dominice</span> <span class='ocrx_word' id='word_1_134' title='bbox 934 1170 1234 1209; x_wconf 86' lang='lat' dir='ltr'>incarnati0nis</span> <span class='ocrx_word' id='word_1_135' title='bbox 1274 1170 1512 1210; x_wconf 86' lang='lat' dir='ltr'>Millesimo.</span> <span class='ocrx_word' id='word_1_136' title='bbox 1554 1170 1871 1210; x_wconf 79' lang='lat' dir='ltr'>Ducentesimo.</span> <span class='ocrx_word' id='word_1_137' title='bbox 1911 1169 2013 1209; x_wconf 80' lang='lat' dir='ltr'>&#39;rri-</span> 
     </span>
     <span class='ocr_line' id='line_1_16' title="bbox 144 1238 549 1291; baseline -0.002 -13"><span class='ocrx_word' id='word_1_138' title='bbox 144 1238 314 1278; x_wconf 81' lang='lat' dir='ltr'>cesimo.</span> <span class='ocrx_word' id='word_1_139' title='bbox 348 1238 549 1291; x_wconf 88' lang='lat' dir='ltr'>Septimo.</span> 
     </span>
    </p>
   </div>
   <div class='ocr_carea' id='block_1_3' title="bbox 457 1337 1131 1381">
    <p class='ocr_par' dir='ltr' id='par_1_3' title="bbox 457 1337 1131 1381">
     <span class='ocr_line' id='line_1_17' title="bbox 457 1337 1131 1381; baseline -0.001 -10"><span class='ocrx_word' id='word_1_140' title='bbox 457 1337 513 1371; x_wconf 81' lang='lat' dir='ltr'>Ex</span> <span class='ocrx_word' id='word_1_141' title='bbox 535 1337 738 1381; x_wconf 71' lang='lat' dir='ltr'>originali</span> <span class='ocrx_word' id='word_1_142' title='bbox 759 1337 908 1380; x_wconf 84' lang='lat' dir='ltr'>ejusdem</span> <span class='ocrx_word' id='word_1_143' title='bbox 932 1339 1131 1370; x_wconf 84' lang='lat' dir='ltr'>monasterii.</span> 
     </span>
    </p>
   </div>
   <div class='ocr_carea' id='block_1_4' title="bbox 989 1512 1166 1556">
    <p class='ocr_par' dir='ltr' id='par_1_4' title="bbox 989 1512 1166 1556">
     <span class='ocr_line' id='line_1_18' title="bbox 989 1512 1166 1556; baseline -0.011 0"><span class='ocrx_word' id='word_1_144' title='bbox 989 1512 1166 1556; x_wconf 83' lang='lat' dir='ltr'><strong>CCXC.</strong></span> 
     </span>
    </p>
   </div>
   <div class='ocr_carea' id='block_1_5' title="bbox 145 1608 2015 1801">
    <p class='ocr_par' dir='ltr' id='par_1_5' title="bbox 145 1608 2015 1801">
     <span class='ocr_line' id='line_1_19' title="bbox 145 1608 2015 1662; baseline -0.002 -11"><span class='ocrx_word' id='word_1_145' title='bbox 145 1608 361 1662; x_wconf 61' lang='lat' dir='ltr'>premysl,</span> <span class='ocrx_word' id='word_1_146' title='bbox 400 1609 592 1650; x_wconf 77' lang='lat' dir='ltr'>marchio</span> <span class='ocrx_word' id='word_1_147' title='bbox 623 1610 863 1661; x_wconf 65' lang='lat' dir='ltr'>Morsu-iae,</span> <span class='ocrx_word' id='word_1_148' title='bbox 901 1611 1155 1649; x_wconf 67' lang='lat' dir='ltr'>monasterio</span> <span class='ocrx_word' id='word_1_149' title='bbox 1195 1608 1581 1649; x_wconf 69' lang='lat' dir='ltr'>Daubrawnicensz·</span> <span class='ocrx_word' id='word_1_150' title='bbox 1621 1609 1843 1662; x_wconf 76' lang='lat' dir='ltr'>confirmat</span> <span class='ocrx_word' id='word_1_151' title='bbox 1878 1608 2015 1648; x_wconf 79' lang='lat' dir='ltr'>dona-</span> 
     </span>
     <span class='ocr_line' id='line_1_20' title="bbox 145 1674 2015 1731; baseline -0.001 -12"><span class='ocrx_word' id='word_1_152' title='bbox 145 1680 297 1719; x_wconf 74' lang='lat' dir='ltr'>tionem</span> <span class='ocrx_word' id='word_1_153' title='bbox 330 1681 534 1720; x_wconf 72' lang='lat' dir='ltr'>circuitus</span> <span class='ocrx_word' id='word_1_154' title='bbox 556 1678 845 1731; x_wconf 76' lang='lat' dir='ltr'>„Semislaw”</span> <span class='ocrx_word' id='word_1_155' title='bbox 878 1692 903 1718; x_wconf 85' lang='grc' dir='ltr'><em>α</em></span> <span class='ocrx_word' id='word_1_156' title='bbox 929 1678 1060 1718; x_wconf 71' lang='lat' dir='ltr'>nobili</span> <span class='ocrx_word' id='word_1_157' title='bbox 1083 1680 1176 1718; x_wconf 65' lang='lat' dir='ltr'>viro</span> <span class='ocrx_word' id='word_1_158' title='bbox 1215 1674 1417 1729; x_wconf 52' lang='lat' dir='ltr'>l&#39;Voyleclt</span> <span class='ocrx_word' id='word_1_159' title='bbox 1449 1677 1501 1717; x_wconf 81' lang='lat' dir='ltr'>dc</span> <span class='ocrx_word' id='word_1_160' title='bbox 1525 1677 1821 1730; x_wconf 69' lang='lat' dir='ltr'>Dauhrawnjlc</span> <span class='ocrx_word' id='word_1_161' title='bbox 1841 1678 2015 1730; x_wconf 77' lang='lat' dir='ltr'>factam.</span> 
     </span>
     <span class='ocr_line' id='line_1_21' title="bbox 459 1746 1709 1801; baseline -0.002 -13"><span class='ocrx_word' id='word_1_162' title='bbox 459 1750 531 1789; x_wconf 80' lang='lat' dir='ltr'>Dt.</span> <span class='ocrx_word' id='word_1_163' title='bbox 566 1748 683 1801; x_wconf 74' lang='lat' dir='ltr'>apud</span> <span class='ocrx_word' id='word_1_164' title='bbox 712 1748 864 1800; x_wconf 75' lang='grc' dir='ltr'><strong><em>ΗαζῘη,</em></strong></span> <span class='ocrx_word' id='word_1_165' title='bbox 905 1748 977 1788; x_wconf 73' lang='grc' dir='ltr'>ΓΙ.</span> <span class='ocrx_word' id='word_1_166' title='bbox 1012 1746 1237 1787; x_wconf 76' lang='lat' dir='ltr'>Kalendas</span> <span class='ocrx_word' id='word_1_167' title='bbox 1270 1747 1516 1798; x_wconf 75' lang='lat' dir='ltr'>Februarii,</span> <span class='ocrx_word' id='word_1_168' title='bbox 1556 1746 1709 1788; x_wconf 73' lang='lat'>1238.</span> 
     </span>
    </p>
   </div>
   <div class='ocr_carea' id='block_1_6' title="bbox 144 1841 2016 2604">
    <p class='ocr_par' dir='ltr' id='par_1_6' title="bbox 144 1841 2016 2604">
     <span class='ocr_line' id='line_1_22' title="bbox 275 1841 2016 1902; baseline -0.003 -1"><span class='ocrx_word' id='word_1_169' title='bbox 275 1841 337 1902; x_wconf 83' lang='lat' dir='ltr'>Iu</span> <span class='ocrx_word' id='word_1_170' title='bbox 369 1861 533 1900; x_wconf 89' lang='lat' dir='ltr'>nomine</span> <span class='ocrx_word' id='word_1_171' title='bbox 567 1864 717 1900; x_wconf 86' lang='lat' dir='ltr'>sancte</span> <span class='ocrx_word' id='word_1_172' title='bbox 751 1863 793 1899; x_wconf 88' lang='lat' dir='ltr'>et</span> <span class='ocrx_word' id='word_1_173' title='bbox 825 1859 1036 1899; x_wconf 88' lang='lat' dir='ltr'>indiuidue</span> <span class='ocrx_word' id='word_1_174' title='bbox 1069 1859 1278 1898; x_wconf 82' lang='lat' dir='ltr'>trinitatis.</span> <span class='ocrx_word' id='word_1_175' title='bbox 1312 1869 1446 1898; x_wconf 90' lang='lat' dir='ltr'>amen.</span> <span class='ocrx_word' id='word_1_176' title='bbox 1502 1857 1682 1897; x_wconf 87' lang='lat' dir='ltr'>Premizl</span> <span class='ocrx_word' id='word_1_177' title='bbox 1715 1857 1854 1896; x_wconf 87' lang='lat' dir='ltr'>diuina</span> <span class='ocrx_word' id='word_1_178' title='bbox 1886 1857 2016 1896; x_wconf 90' lang='lat' dir='ltr'>mise-</span> 
     </span>
     <span class='ocr_line' id='line_1_23' title="bbox 148 1924 2016 1980; baseline -0.003 -11"><span class='ocrx_word' id='word_1_179' title='bbox 148 1931 321 1969; x_wconf 86' lang='lat' dir='ltr'>racione</span> <span class='ocrx_word' id='word_1_180' title='bbox 345 1929 529 1969; x_wconf 91' lang='lat' dir='ltr'>marchio</span> <span class='ocrx_word' id='word_1_181' title='bbox 562 1929 760 1969; x_wconf 80' lang='lat' dir='ltr'>Morauie</span> <span class='ocrx_word' id='word_1_182' title='bbox 786 1927 1036 1980; x_wconf 64' lang='lat' dir='ltr'>Woytecho</span> <span class='ocrx_word' id='word_1_183' title='bbox 1071 1929 1162 1968; x_wconf 88' lang='lat' dir='ltr'>uiro</span> <span class='ocrx_word' id='word_1_184' title='bbox 1196 1927 1323 1967; x_wconf 91' lang='lat' dir='ltr'>nobili</span> <span class='ocrx_word' id='word_1_185' title='bbox 1356 1927 1408 1967; x_wconf 87' lang='lat' dir='ltr'>de</span> <span class='ocrx_word' id='word_1_186' title='bbox 1435 1927 1641 1967; x_wconf 86' lang='lat' dir='ltr'>dubranik</span> <span class='ocrx_word' id='word_1_187' title='bbox 1674 1924 2016 1977; x_wconf 70' lang='lat' dir='ltr'>(Daubrawustt)</span> 
     </span>
     <span class='ocr_line' id='line_1_24' title="bbox 145 1994 2015 2050; baseline -0.002 -13"><span class='ocrx_word' id='word_1_188' title='bbox 145 1999 187 2038; x_wconf 90' lang='lat' dir='ltr'>in</span> <span class='ocrx_word' id='word_1_189' title='bbox 227 2001 484 2050; x_wconf 88' lang='lat' dir='ltr'>perpetuum.</span> <span class='ocrx_word' id='word_1_190' title='bbox 549 1997 753 2046; x_wconf 82' lang='lat' dir='ltr'>Quoniam</span> <span class='ocrx_word' id='word_1_191' title='bbox 793 1997 958 2037; x_wconf 88' lang='lat' dir='ltr'>diuinus</span> <span class='ocrx_word' id='word_1_192' title='bbox 1002 1997 1137 2036; x_wconf 86' lang='lat' dir='ltr'>cultus</span> <span class='ocrx_word' id='word_1_193' title='bbox 1178 1999 1245 2036; x_wconf 91' lang='lat' dir='ltr'>est</span> <span class='ocrx_word' id='word_1_194' title='bbox 1283 1996 1487 2036; x_wconf 85' lang='lat' dir='ltr'>iusticiam</span> <span class='ocrx_word' id='word_1_195' title='bbox 1528 1996 1748 2035; x_wconf 83' lang='lat' dir='ltr'>recenseri</span> <span class='ocrx_word' id='word_1_196' title='bbox 1781 1997 1823 2034; x_wconf 90' lang='lat' dir='ltr'>et</span> <span class='ocrx_word' id='word_1_197' title='bbox 1854 1994 2015 2033; x_wconf 86' lang='lat' dir='ltr'>ueritas</span> 
     </span>
     <span class='ocr_line' id='line_1_25' title="bbox 146 2064 2016 2121; baseline -0.003 -15"><span class='ocrx_word' id='word_1_198' title='bbox 146 2067 290 2118; x_wconf 88' lang='lat' dir='ltr'>sepius</span> <span class='ocrx_word' id='word_1_199' title='bbox 324 2067 549 2121; x_wconf 80' lang='lat' dir='ltr'>exagitata</span> <span class='ocrx_word' id='word_1_200' title='bbox 582 2066 842 2117; x_wconf 86' lang='lat' dir='ltr'>splendescit</span> <span class='ocrx_word' id='word_1_201' title='bbox 881 2067 921 2105; x_wconf 92' lang='lat' dir='ltr'>in</span> <span class='ocrx_word' id='word_1_202' title='bbox 954 2066 1061 2105; x_wconf 89' lang='lat' dir='ltr'>luce.</span> <span class='ocrx_word' id='word_1_203' title='bbox 1104 2065 1347 2105; x_wconf 84' lang='lat' dir='ltr'>·Illustrium</span> <span class='ocrx_word' id='word_1_204' title='bbox 1379 2064 1608 2116; x_wconf 86' lang='lat' dir='ltr'>principum</span> <span class='ocrx_word' id='word_1_205' title='bbox 1642 2064 1876 2103; x_wconf 84' lang='lat' dir='ltr'>clarissime</span> <span class='ocrx_word' id='word_1_206' title='bbox 1909 2074 2016 2102; x_wconf 90' lang='lat' dir='ltr'>con-</span> 
     </span>
     <span class='ocr_line' id='line_1_26' title="bbox 145 2130 2015 2191; baseline -0.003 -16"><span class='ocrx_word' id='word_1_207' title='bbox 145 2136 265 2191; x_wconf 84' lang='lat' dir='ltr'>gruit</span> <span class='ocrx_word' id='word_1_208' title='bbox 313 2136 522 2190; x_wconf 80' lang='lat' dir='ltr'>dignitati.</span> <span class='ocrx_word' id='word_1_209' title='bbox 573 2136 782 2175; x_wconf 90' lang='lat' dir='ltr'>uniuersis</span> <span class='ocrx_word' id='word_1_210' title='bbox 823 2138 864 2175; x_wconf 89' lang='lat' dir='ltr'>et</span> <span class='ocrx_word' id='word_1_211' title='bbox 906 2135 1089 2189; x_wconf 83' lang='lat' dir='ltr'>singulis</span> <span class='ocrx_word' id='word_1_212' title='bbox 1122 2132 1340 2173; x_wconf 73' lang='lat' dir='ltr'>¹accurate</span> <span class='ocrx_word' id='word_1_213' title='bbox 1389 2133 1679 2173; x_wconf 86' lang='lat' dir='ltr'>sollicitudinis</span> <span class='ocrx_word' id='word_1_214' title='bbox 1726 2130 2015 2171; x_wconf 84' lang='lat' dir='ltr'>munificencia</span> 
     </span>
     <span class='ocr_line' id='line_1_27' title="bbox 145 2201 2014 2258; baseline -0.002 -14"><span class='ocrx_word' id='word_1_215' title='bbox 145 2204 373 2258; x_wconf 88' lang='lat' dir='ltr'>prouidere</span> <span class='ocrx_word' id='word_1_216' title='bbox 406 2205 672 2256; x_wconf 85' lang='lat' dir='ltr'>ipsorumque</span> <span class='ocrx_word' id='word_1_217' title='bbox 713 2205 912 2244; x_wconf 88' lang='lat' dir='ltr'>acciones</span> <span class='ocrx_word' id='word_1_218' title='bbox 953 2204 1168 2258; x_wconf 80' lang='lat' dir='ltr'>legitimas</span> <span class='ocrx_word' id='word_1_219' title='bbox 1210 2204 1251 2242; x_wconf 93' lang='lat' dir='ltr'>in</span> <span class='ocrx_word' id='word_1_220' title='bbox 1285 2202 1603 2254; x_wconf 87' lang='lat' dir='ltr'>quibuscunque</span> <span class='ocrx_word' id='word_1_221' title='bbox 1643 2201 1929 2242; x_wconf 87' lang='lat' dir='ltr'>contractibus</span> <span class='ocrx_word' id='word_1_222' title='bbox 1963 2211 2014 2240; x_wconf 88' lang='lat' dir='ltr'>eo</span> 
     </span>
     <span class='ocr_line' id='line_1_28' title="bbox 146 2263 2014 2327; baseline -0.003 -14"><span class='ocrx_word' id='word_1_223' title='bbox 146 2273 414 2313; x_wconf 86' lang='lat' dir='ltr'>discretionis</span> <span class='ocrx_word' id='word_1_224' title='bbox 454 2276 779 2325; x_wconf 87' lang='lat' dir='ltr'>temperamento</span> <span class='ocrx_word' id='word_1_225' title='bbox 820 2273 1026 2327; x_wconf 79' lang='lat' dir='ltr'>dirigere.</span> <span class='ocrx_word' id='word_1_226' title='bbox 1065 2283 1119 2312; x_wconf 90' lang='lat' dir='ltr'>ne</span> <span class='ocrx_word' id='word_1_227' title='bbox 1152 2283 1229 2323; x_wconf 90' lang='lat' dir='ltr'>per</span> <span class='ocrx_word' id='word_1_228' title='bbox 1268 2268 1519 2323; x_wconf 86' lang='lat' dir='ltr'>duplicitatis</span> <span class='ocrx_word' id='word_1_229' title='bbox 1552 2263 1790 2325; x_wconf 77' lang='lat' dir='ltr'>ambiguum</span> <span class='ocrx_word' id='word_1_230' title='bbox 1833 2269 1902 2309; x_wconf 90' lang='lat' dir='ltr'>uel</span> <span class='ocrx_word' id='word_1_231' title='bbox 1936 2269 2014 2308; x_wconf 90' lang='lat' dir='ltr'>ob-</span> 
     </span>
     <span class='ocr_line' id='line_1_29' title="bbox 145 2338 2013 2393; baseline -0.003 -11"><span class='ocrx_word' id='word_1_232' title='bbox 145 2343 359 2382; x_wconf 87' lang='lat' dir='ltr'>scuritatis</span> <span class='ocrx_word' id='word_1_233' title='bbox 384 2342 622 2393; x_wconf 86' lang='lat' dir='ltr'>scrupulum</span> <span class='ocrx_word' id='word_1_234' title='bbox 655 2344 868 2382; x_wconf 90' lang='lat' dir='ltr'>contineat</span> <span class='ocrx_word' id='word_1_235' title='bbox 899 2341 1054 2393; x_wconf 84' lang='lat' dir='ltr'>aliquid</span> <span class='ocrx_word' id='word_1_236' title='bbox 1086 2341 1339 2392; x_wconf 87' lang='lat' dir='ltr'>capciosum.</span> <span class='ocrx_word' id='word_1_237' title='bbox 1394 2339 1593 2380; x_wconf 86' lang='lat' dir='ltr'>Omnibus</span> <span class='ocrx_word' id='word_1_238' title='bbox 1627 2339 1769 2391; x_wconf 87' lang='lat' dir='ltr'>itaque</span> <span class='ocrx_word' id='word_1_239' title='bbox 1802 2338 2013 2377; x_wconf 79' lang='lat' dir='ltr'>modernis</span> 
     </span>
     <span class='ocr_line' id='line_1_30' title="bbox 145 2407 2013 2462; baseline -0.003 -12"><span class='ocrx_word' id='word_1_240' title='bbox 145 2415 189 2452; x_wconf 89' lang='lat' dir='ltr'>et</span> <span class='ocrx_word' id='word_1_241' title='bbox 235 2412 418 2462; x_wconf 89' lang='lat' dir='ltr'>posteris</span> <span class='ocrx_word' id='word_1_242' title='bbox 460 2411 631 2462; x_wconf 87' lang='lat' dir='ltr'>scripuli</span> <span class='ocrx_word' id='word_1_243' title='bbox 679 2411 801 2450; x_wconf 89' lang='lat' dir='ltr'>huius</span> <span class='ocrx_word' id='word_1_244' title='bbox 847 2411 1150 2462; x_wconf 88' lang='lat' dir='ltr'>inspectionem</span> <span class='ocrx_word' id='word_1_245' title='bbox 1197 2413 1240 2449; x_wconf 86' lang='lat' dir='ltr'>et</span> <span class='ocrx_word' id='word_1_246' title='bbox 1285 2410 1445 2460; x_wconf 88' lang='lat' dir='ltr'>copiam</span> <span class='ocrx_word' id='word_1_247' title='bbox 1491 2408 1696 2449; x_wconf 86' lang='lat' dir='ltr'>habituris</span> <span class='ocrx_word' id='word_1_248' title='bbox 1745 2407 2013 2446; x_wconf 85' lang='lat' dir='ltr'>exhibicione</span> 
     </span>
     <span class='ocr_line' id='line_1_31' title="bbox 144 2469 2012 2531; baseline -0.004 -11"><span class='ocrx_word' id='word_1_249' title='bbox 144 2481 401 2531; x_wconf 82' lang='lat' dir='ltr'>presentium</span> <span class='ocrx_word' id='word_1_250' title='bbox 433 2469 624 2519; x_wconf 85' lang='lat' dir='ltr'>duximus</span> <span class='ocrx_word' id='word_1_251' title='bbox 650 2479 960 2519; x_wconf 85' lang='lat' dir='ltr'>declarandum.</span> <span class='ocrx_word' id='word_1_252' title='bbox 994 2478 1104 2531; x_wconf 85' lang='lat' dir='ltr'>quod</span> <span class='ocrx_word' id='word_1_253' title='bbox 1136 2477 1398 2519; x_wconf 85' lang='lat' dir='ltr'>Szemizlaus</span> <span class='ocrx_word' id='word_1_254' title='bbox 1430 2478 1495 2517; x_wconf 91' lang='lat' dir='ltr'>uir</span> <span class='ocrx_word' id='word_1_255' title='bbox 1515 2478 1670 2517; x_wconf 81' lang='lat' dir='ltr'>nobilis</span> <span class='ocrx_word' id='word_1_256' title='bbox 1703 2477 1755 2516; x_wconf 90' lang='lat' dir='ltr'>de</span> <span class='ocrx_word' id='word_1_257' title='bbox 1788 2476 2012 2515; x_wconf 86' lang='lat' dir='ltr'>Morcoviz</span> 
     </span>
     <span class='ocr_line' id='line_1_32' title="bbox 147 2544 2010 2604; baseline -0.003 -15"><span class='ocrx_word' id='word_1_258' title='bbox 147 2549 398 2601; x_wconf 74' lang='lat' dir='ltr'>VVoytecho</span> <span class='ocrx_word' id='word_1_259' title='bbox 438 2548 644 2602; x_wconf 87' lang='lat' dir='ltr'>quondam</span> <span class='ocrx_word' id='word_1_260' title='bbox 684 2559 853 2604; x_wconf 83' lang='lat' dir='ltr'>genero</span> <span class='ocrx_word' id='word_1_261' title='bbox 892 2559 969 2588; x_wconf 91' lang='lat' dir='ltr'>suo</span> <span class='ocrx_word' id='word_1_262' title='bbox 1007 2552 1107 2590; x_wconf 91' lang='lat' dir='ltr'>tunc</span> <span class='ocrx_word' id='word_1_263' title='bbox 1149 2548 1191 2588; x_wconf 90' lang='lat' dir='ltr'>in</span> <span class='ocrx_word' id='word_1_264' title='bbox 1232 2547 1421 2600; x_wconf 89' lang='lat' dir='ltr'>equestri</span> <span class='ocrx_word' id='word_1_265' title='bbox 1460 2546 1604 2587; x_wconf 88' lang='lat' dir='ltr'>habitu</span> <span class='ocrx_word' id='word_1_266' title='bbox 1646 2557 1756 2586; x_wconf 89' lang='lat' dir='ltr'>nunc</span> <span class='ocrx_word' id='word_1_267' title='bbox 1796 2556 1899 2584; x_wconf 91' lang='lat' dir='ltr'>uero</span> <span class='ocrx_word' id='word_1_268' title='bbox 1933 2544 2010 2584; x_wconf 88' lang='lat' dir='ltr'>sub</span> 
     </span>
    </p>
   </div>
  </div>
 </body>
</html>
