<?xml version="1.0" encoding="UTF-8"?>
<!DOCTYPE html PUBLIC "-//W3C//DTD XHTML 1.0 Transitional//EN"
    "http://www.w3.org/TR/xhtml1/DTD/xhtml1-transitional.dtd">
<html xmlns="http://www.w3.org/1999/xhtml" xml:lang="en" lang="en">
 <head>
  <title>
</title>
<meta http-equiv="Content-Type" content="text/html;charset=utf-8" />
  <meta name='ocr-system' content='tesseract 3.04.00' />
  <meta name='ocr-capabilities' content='ocr_page ocr_carea ocr_par ocr_line ocrx_word'/>
</head>
<body>
  <div class='ocr_page' id='page_1' title='image "./codexdiplomaticu02morauoft_0313.png"; bbox 0 0 2212 2876; ppageno 0'>
   <div class='ocr_carea' id='block_1_1' title="bbox 1030 95 1136 137">
    <p class='ocr_par' dir='ltr' id='par_1_1' title="bbox 1030 95 1136 137">
     <span class='ocr_line' id='line_1_1' title="bbox 1030 95 1136 137; baseline 0 0"><span class='ocrx_word' id='word_1_1' title='bbox 1030 95 1136 137; x_wconf 84' lang='lat'>303</span> 
     </span>
    </p>
   </div>
   <div class='ocr_carea' id='block_1_2' title="bbox 141 236 2023 1596">
    <p class='ocr_par' dir='ltr' id='par_1_2' title="bbox 141 236 2023 1596">
     <span class='ocr_line' id='line_1_2' title="bbox 147 236 2023 293; baseline 0.004 -16"><span class='ocrx_word' id='word_1_2' title='bbox 147 237 399 278; x_wconf 83' lang='lat' dir='ltr'>auctoritate</span> <span class='ocrx_word' id='word_1_3' title='bbox 431 236 778 279; x_wconf 77' lang='lat' dir='ltr'>confirmauimuS.</span> <span class='ocrx_word' id='word_1_4' title='bbox 817 239 909 281; x_wconf 90' lang='lat' dir='ltr'>·Ne</span> <span class='ocrx_word' id='word_1_5' title='bbox 942 242 1079 280; x_wconf 88' lang='lat' dir='ltr'>autem</span> <span class='ocrx_word' id='word_1_6' title='bbox 1113 241 1154 279; x_wconf 88' lang='lat' dir='ltr'>in</span> <span class='ocrx_word' id='word_1_7' title='bbox 1186 244 1398 292; x_wconf 89' lang='lat' dir='ltr'>posterum</span> <span class='ocrx_word' id='word_1_8' title='bbox 1432 252 1562 293; x_wconf 86' lang='lat' dir='ltr'>super</span> <span class='ocrx_word' id='word_1_9' title='bbox 1593 242 1685 293; x_wconf 86' lang='lat' dir='ltr'>ipsa</span> <span class='ocrx_word' id='word_1_10' title='bbox 1721 242 1946 283; x_wconf 80' lang='lat' dir='ltr'><strong>donatione</strong></span> <span class='ocrx_word' id='word_1_11' title='bbox 1981 247 2023 284; x_wconf 92' lang='lat' dir='ltr'>et</span> 
     </span>
     <span class='ocr_line' id='line_1_3' title="bbox 144 304 2022 368; baseline 0.003 -22"><span class='ocrx_word' id='word_1_12' title='bbox 144 304 458 347; x_wconf 84' lang='lat' dir='ltr'>confirmatione</span> <span class='ocrx_word' id='word_1_13' title='bbox 491 308 647 361; x_wconf 86' lang='lat' dir='ltr'>aliquid</span> <span class='ocrx_word' id='word_1_14' title='bbox 680 309 995 349; x_wconf 82' lang='lat' dir='ltr'>contrarietatis</span> <span class='ocrx_word' id='word_1_15' title='bbox 1020 311 1154 361; x_wconf 85' lang='lat' dir='ltr'>possit</span> <span class='ocrx_word' id='word_1_16' title='bbox 1181 309 1350 364; x_wconf 69' lang='lat' dir='ltr'>oboriri,</span> <span class='ocrx_word' id='word_1_17' title='bbox 1379 310 1450 350; x_wconf 85' lang='lat' dir='ltr'>vel</span> <span class='ocrx_word' id='word_1_18' title='bbox 1478 311 1763 363; x_wconf 86' lang='lat' dir='ltr'>calumpniose</span> <span class='ocrx_word' id='word_1_19' title='bbox 1797 313 1891 365; x_wconf 89' lang='lat' dir='ltr'>quid</span> <span class='ocrx_word' id='word_1_20' title='bbox 1916 311 2022 368; x_wconf 71' lang='lat' dir='ltr'>fieri,</span> 
     </span>
     <span class='ocr_line' id='line_1_4' title="bbox 143 375 2023 436; baseline 0.003 -19"><span class='ocrx_word' id='word_1_21' title='bbox 143 375 198 417; x_wconf 82' lang='lat' dir='ltr'>ad</span> <span class='ocrx_word' id='word_1_22' title='bbox 230 375 481 416; x_wconf 83' lang='lat' dir='ltr'>euidentiam</span> <span class='ocrx_word' id='word_1_23' title='bbox 523 381 730 429; x_wconf 82' lang='lat' dir='ltr'>perpetue</span> <span class='ocrx_word' id='word_1_24' title='bbox 762 376 967 418; x_wconf 88' lang='lat' dir='ltr'>firmitatis</span> <span class='ocrx_word' id='word_1_25' title='bbox 1007 380 1140 434; x_wconf 81' lang='lat' dir='ltr'>sigilli</span> <span class='ocrx_word' id='word_1_26' title='bbox 1179 381 1313 420; x_wconf 81' lang='lat' dir='ltr'>nostri</span> <span class='ocrx_word' id='word_1_27' title='bbox 1351 380 1629 431; x_wconf 80' lang='lat' dir='ltr'>impressione</span> <span class='ocrx_word' id='word_1_28' title='bbox 1654 380 1780 425; x_wconf 64' lang='lat' dir='ltr'>„hanc</span> <span class='ocrx_word' id='word_1_29' title='bbox 1820 383 2023 436; x_wconf 77' lang='lat' dir='ltr'>paginam</span> 
     </span>
     <span class='ocr_line' id='line_1_5' title="bbox 143 443 2022 491; baseline 0.002 -5"><span class='ocrx_word' id='word_1_30' title='bbox 143 443 319 486; x_wconf 86' lang='lat' dir='ltr'>fecimus</span> <span class='ocrx_word' id='word_1_31' title='bbox 352 446 559 486; x_wconf 89' lang='lat' dir='ltr'>roborari.</span> <span class='ocrx_word' id='word_1_32' title='bbox 605 447 695 486; x_wconf 89' lang='lat' dir='ltr'>Nos</span> <span class='ocrx_word' id='word_1_33' title='bbox 729 451 865 487; x_wconf 89' lang='lat' dir='ltr'>autem</span> <span class='ocrx_word' id='word_1_34' title='bbox 896 459 987 488; x_wconf 91' lang='lat' dir='ltr'>cum</span> <span class='ocrx_word' id='word_1_35' title='bbox 1020 449 1160 488; x_wconf 88' lang='lat' dir='ltr'>inclito</span> <span class='ocrx_word' id='word_1_36' title='bbox 1193 446 1324 488; x_wconf 87' lang='lat' dir='ltr'>fratre</span> <span class='ocrx_word' id='word_1_37' title='bbox 1364 452 1509 489; x_wconf 87' lang='lat' dir='ltr'>nostro</span> <span class='ocrx_word' id='word_1_38' title='bbox 1542 450 1785 490; x_wconf 82' lang='lat' dir='ltr'>marchione</span> <span class='ocrx_word' id='word_1_39' title='bbox 1826 451 2022 491; x_wconf 84' lang='lat' dir='ltr'>Morauie</span> 
     </span>
     <span class='ocr_line' id='line_1_6' title="bbox 143 515 2022 569; baseline 0.003 -14"><span class='ocrx_word' id='word_1_40' title='bbox 143 515 392 569; x_wconf 84' lang='lat' dir='ltr'>rogauimus</span> <span class='ocrx_word' id='word_1_41' title='bbox 434 517 723 556; x_wconf 88' lang='lat' dir='ltr'>venerabilem</span> <span class='ocrx_word' id='word_1_42' title='bbox 766 521 926 568; x_wconf 84' lang='lat' dir='ltr'>patrem</span> <span class='ocrx_word' id='word_1_43' title='bbox 974 521 1160 557; x_wconf 88' lang='lat' dir='ltr'>nostrum</span> <span class='ocrx_word' id='word_1_44' title='bbox 1208 518 1440 558; x_wconf 81' lang='lat' dir='ltr'>Rubertum</span> <span class='ocrx_word' id='word_1_45' title='bbox 1488 519 1653 559; x_wconf 87' lang='lat' dir='ltr'>nomine</span> <span class='ocrx_word' id='word_1_46' title='bbox 1703 519 2022 560; x_wconf 79' lang='lat' dir='ltr'>olomucensem</span> 
     </span>
     <span class='ocr_line' id='line_1_7' title="bbox 144 585 2021 639; baseline 0.003 -16"><span class='ocrx_word' id='word_1_47' title='bbox 144 585 398 639; x_wconf 72' lang='lat' dir='ltr'>episcopum7</span> <span class='ocrx_word' id='word_1_48' title='bbox 433 589 640 636; x_wconf 85' lang='lat' dir='ltr'>quatenus</span> <span class='ocrx_word' id='word_1_49' title='bbox 674 597 740 639; x_wconf 70' lang='lat' dir='ltr'>ea,</span> <span class='ocrx_word' id='word_1_50' title='bbox 775 598 856 638; x_wconf 83' lang='lat' dir='ltr'>que</span> <span class='ocrx_word' id='word_1_51' title='bbox 890 591 1036 626; x_wconf 89' lang='lat' dir='ltr'>nostra</span> <span class='ocrx_word' id='word_1_52' title='bbox 1067 587 1320 627; x_wconf 75' lang='lat' dir='ltr'>liberalitate</span> <span class='ocrx_word' id='word_1_53' title='bbox 1353 588 1538 627; x_wconf 89' lang='lat' dir='ltr'>claustro</span> <span class='ocrx_word' id='word_1_54' title='bbox 1572 589 1613 628; x_wconf 89' lang='lat' dir='ltr'>in</span> <span class='ocrx_word' id='word_1_55' title='bbox 1645 588 1878 628; x_wconf 79' lang='lat' dir='ltr'>&#39;I&#39;usnowiz</span> <span class='ocrx_word' id='word_1_56' title='bbox 1911 590 2021 629; x_wconf 90' lang='lat' dir='ltr'>libe-</span> 
     </span>
     <span class='ocr_line' id='line_1_8' title="bbox 144 653 2022 712; baseline 0.004 -20"><span class='ocrx_word' id='word_1_57' title='bbox 144 654 292 693; x_wconf 88' lang='lat' dir='ltr'>raliter</span> <span class='ocrx_word' id='word_1_58' title='bbox 325 654 570 694; x_wconf 88' lang='lat' dir='ltr'>contulimus</span> <span class='ocrx_word' id='word_1_59' title='bbox 609 658 652 695; x_wconf 90' lang='lat' dir='ltr'>et</span> <span class='ocrx_word' id='word_1_60' title='bbox 684 653 1027 709; x_wconf 70' lang='lat' dir='ltr'>confirmauimus,</span> <span class='ocrx_word' id='word_1_61' title='bbox 1072 668 1150 696; x_wconf 87' lang='lat' dir='ltr'>sua</span> <span class='ocrx_word' id='word_1_62' title='bbox 1190 658 1442 696; x_wconf 85' lang='lat' dir='ltr'>auctoritate</span> <span class='ocrx_word' id='word_1_63' title='bbox 1482 655 1761 712; x_wconf 69' lang='lat' dir='ltr'>confirmaret,</span> <span class='ocrx_word' id='word_1_64' title='bbox 1796 662 1838 698; x_wconf 90' lang='lat' dir='ltr'>et</span> <span class='ocrx_word' id='word_1_65' title='bbox 1877 669 2022 699; x_wconf 83' lang='lat' dir='ltr'>omnes</span> 
     </span>
     <span class='ocr_line' id='line_1_9' title="bbox 142 719 2022 780; baseline 0.002 -16"><span class='ocrx_word' id='word_1_66' title='bbox 142 723 374 764; x_wconf 88' lang='lat' dir='ltr'>uiolatores</span> <span class='ocrx_word' id='word_1_67' title='bbox 407 723 529 763; x_wconf 89' lang='lat' dir='ltr'>huius</span> <span class='ocrx_word' id='word_1_68' title='bbox 563 724 800 764; x_wconf 87' lang='lat' dir='ltr'>donationis</span> <span class='ocrx_word' id='word_1_69' title='bbox 834 719 1228 780; x_wconf 68' lang='lat' dir='ltr'>excommunicaret,</span> <span class='ocrx_word' id='word_1_70' title='bbox 1270 730 1311 765; x_wconf 82' lang='lat' dir='ltr'>et</span> <span class='ocrx_word' id='word_1_71' title='bbox 1344 738 1434 780; x_wconf 72' lang='lat' dir='ltr'>eos7</span> <span class='ocrx_word' id='word_1_72' title='bbox 1468 727 1697 767; x_wconf 85' lang='lat' dir='ltr'>secundum</span> <span class='ocrx_word' id='word_1_73' title='bbox 1731 727 1839 780; x_wconf 90' lang='lat' dir='ltr'>quod</span> <span class='ocrx_word' id='word_1_74' title='bbox 1873 729 2022 767; x_wconf 83' lang='lat' dir='ltr'>iustum</span> 
     </span>
     <span class='ocr_line' id='line_1_10' title="bbox 143 793 2022 849; baseline 0.003 -17"><span class='ocrx_word' id='word_1_75' title='bbox 143 796 223 847; x_wconf 60' lang='lat' dir='ltr'>est,</span> <span class='ocrx_word' id='word_1_76' title='bbox 259 805 285 832; x_wconf 88' lang='lat' dir='ltr'>a</span> <span class='ocrx_word' id='word_1_77' title='bbox 317 794 595 833; x_wconf 84' lang='lat' dir='ltr'>sacramentis</span> <span class='ocrx_word' id='word_1_78' title='bbox 629 794 815 834; x_wconf 84' lang='lat' dir='ltr'>ecclesie</span> <span class='ocrx_word' id='word_1_79' title='bbox 848 798 1032 848; x_wconf 76' lang='lat' dir='ltr'>arceret⁷</span> <span class='ocrx_word' id='word_1_80' title='bbox 1065 796 1145 835; x_wconf 89' lang='lat' dir='ltr'>nisi</span> <span class='ocrx_word' id='word_1_81' title='bbox 1185 795 1237 834; x_wconf 87' lang='lat' dir='ltr'>ad</span> <span class='ocrx_word' id='word_1_82' title='bbox 1278 793 1605 836; x_wconf 80' lang='lat' dir='ltr'>satisfactionem</span> <span class='ocrx_word' id='word_1_83' title='bbox 1647 799 1690 837; x_wconf 86' lang='lat' dir='ltr'>et</span> <span class='ocrx_word' id='word_1_84' title='bbox 1730 797 1909 837; x_wconf 85' lang='lat' dir='ltr'>debitam</span> <span class='ocrx_word' id='word_1_85' title='bbox 1943 808 2022 849; x_wconf 92' lang='lat' dir='ltr'>pe-</span> 
     </span>
     <span class='ocr_line' id='line_1_11' title="bbox 143 862 2021 908; baseline 0.004 -8"><span class='ocrx_word' id='word_1_86' title='bbox 143 862 356 901; x_wconf 89' lang='lat' dir='ltr'>nitentiam</span> <span class='ocrx_word' id='word_1_87' title='bbox 390 862 591 902; x_wconf 88' lang='lat' dir='ltr'>redirent.</span> <span class='ocrx_word' id='word_1_88' title='bbox 655 863 812 903; x_wconf 79' lang='lat' dir='ltr'>Testes</span> <span class='ocrx_word' id='word_1_89' title='bbox 853 868 989 903; x_wconf 86' lang='lat' dir='ltr'>autem</span> <span class='ocrx_word' id='word_1_90' title='bbox 1022 863 1144 903; x_wconf 89' lang='lat' dir='ltr'>huius</span> <span class='ocrx_word' id='word_1_91' title='bbox 1187 865 1249 903; x_wconf 90' lang='lat' dir='ltr'>rei</span> <span class='ocrx_word' id='word_1_92' title='bbox 1290 868 1388 904; x_wconf 85' lang='lat' dir='ltr'>sunt</span> <span class='ocrx_word' id='word_1_93' title='bbox 1427 864 1506 904; x_wconf 86' lang='lat' dir='ltr'>hii:</span> <span class='ocrx_word' id='word_1_94' title='bbox 1550 865 1675 906; x_wconf 73' lang='lat' dir='ltr'>Vitco</span> <span class='ocrx_word' id='word_1_95' title='bbox 1708 867 1857 906; x_wconf 88' lang='lat' dir='ltr'>iunior.</span> <span class='ocrx_word' id='word_1_96' title='bbox 1896 867 2021 908; x_wconf 87' lang='lat' dir='ltr'>Uitco</span> 
     </span>
     <span class='ocr_line' id='line_1_12' title="bbox 146 928 2021 986; baseline 0.003 -17"><span class='ocrx_word' id='word_1_97' title='bbox 146 928 251 970; x_wconf 86' lang='lat' dir='ltr'>filius</span> <span class='ocrx_word' id='word_1_98' title='bbox 283 931 721 972; x_wconf 80' lang='lat' dir='ltr'>Hein1·ici.·Zawisse</span> <span class='ocrx_word' id='word_1_99' title='bbox 755 933 1110 971; x_wconf 81' lang='lat' dir='ltr'>subcamerariuS.</span> <span class='ocrx_word' id='word_1_100' title='bbox 1146 931 1293 973; x_wconf 83' lang='lat' dir='ltr'>Gallus</span> <span class='ocrx_word' id='word_1_101' title='bbox 1328 932 1434 973; x_wconf 83' lang='lat' dir='ltr'>tilius</span> <span class='ocrx_word' id='word_1_102' title='bbox 1467 934 1732 986; x_wconf 85' lang='lat' dir='ltr'>Marquardi.</span> <span class='ocrx_word' id='word_1_103' title='bbox 1774 935 2021 975; x_wconf 81' lang='lat' dir='ltr'>Zebezlaus</span> 
     </span>
     <span class='ocr_line' id='line_1_13' title="bbox 142 997 2022 1044; baseline 0.003 -5"><span class='ocrx_word' id='word_1_104' title='bbox 142 997 249 1039; x_wconf 83' lang='lat' dir='ltr'>filius</span> <span class='ocrx_word' id='word_1_105' title='bbox 278 999 451 1040; x_wconf 87' lang='lat' dir='ltr'>Odolen.</span> <span class='ocrx_word' id='word_1_106' title='bbox 486 1001 672 1040; x_wconf 81' lang='lat' dir='ltr'>Zezema</span> <span class='ocrx_word' id='word_1_107' title='bbox 699 999 804 1040; x_wconf 86' lang='lat' dir='ltr'>filius</span> <span class='ocrx_word' id='word_1_108' title='bbox 828 1001 991 1041; x_wconf 83' lang='lat' dir='ltr'>Milote.</span> <span class='ocrx_word' id='word_1_109' title='bbox 1026 1001 1271 1042; x_wconf 81' lang='lat' dir='ltr'>Daliborius</span> <span class='ocrx_word' id='word_1_110' title='bbox 1297 1004 1464 1042; x_wconf 86' lang='lat' dir='ltr'>ivuenis</span> <span class='ocrx_word' id='word_1_111' title='bbox 1491 1003 1846 1044; x_wconf 88' lang='lat' dir='ltr'>subcamerarius.</span> <span class='ocrx_word' id='word_1_112' title='bbox 1880 999 2022 1044; x_wconf 76' lang='lat' dir='ltr'>Pri&#39;bi-</span> 
     </span>
     <span class='ocr_line' id='line_1_14' title="bbox 144 1067 2022 1122; baseline 0.003 -14"><span class='ocrx_word' id='word_1_113' title='bbox 144 1069 265 1109; x_wconf 89' lang='lat' dir='ltr'>zlaus</span> <span class='ocrx_word' id='word_1_114' title='bbox 305 1067 411 1109; x_wconf 89' lang='lat' dir='ltr'>filius</span> <span class='ocrx_word' id='word_1_115' title='bbox 443 1069 688 1110; x_wconf 84' lang='lat' dir='ltr'>Zobehurd.</span> <span class='ocrx_word' id='word_1_116' title='bbox 730 1070 989 1122; x_wconf 79' lang='lat' dir='ltr'>Gothlmrjus</span> <span class='ocrx_word' id='word_1_117' title='bbox 1024 1069 1127 1110; x_wconf 85' lang='lat' dir='ltr'>filius</span> <span class='ocrx_word' id='word_1_118' title='bbox 1162 1070 1452 1112; x_wconf 77' lang='lat' dir='ltr'>Cliotheborii.</span> <span class='ocrx_word' id='word_1_119' title='bbox 1493 1072 1707 1114; x_wconf 84' lang='lat' dir='ltr'>Sdezlaus</span> <span class='ocrx_word' id='word_1_120' title='bbox 1748 1073 1800 1113; x_wconf 88' lang='lat' dir='ltr'>de</span> <span class='ocrx_word' id='word_1_121' title='bbox 1832 1074 2022 1114; x_wconf 86' lang='lat' dir='ltr'>Hulmez.</span> 
     </span>
     <span class='ocr_line' id='line_1_15' title="bbox 144 1138 2021 1184; baseline 0.002 -5"><span class='ocrx_word' id='word_1_122' title='bbox 144 1139 444 1179; x_wconf 83' lang='lat' dir='ltr'>Zlawiborius.</span> <span class='ocrx_word' id='word_1_123' title='bbox 470 1139 730 1179; x_wconf 84' lang='lat' dir='ltr'>Radozlaus.</span> <span class='ocrx_word' id='word_1_124' title='bbox 756 1139 943 1179; x_wconf 83' lang='lat' dir='ltr'>Protiwa</span> <span class='ocrx_word' id='word_1_125' title='bbox 969 1138 1073 1179; x_wconf 83' lang='lat' dir='ltr'>filius</span> <span class='ocrx_word' id='word_1_126' title='bbox 1098 1140 1287 1180; x_wconf 85' lang='lat' dir='ltr'>I&#39;rotive.</span> <span class='ocrx_word' id='word_1_127' title='bbox 1313 1141 1569 1181; x_wconf 86' lang='lat' dir='ltr'>Reinardus.</span> <span class='ocrx_word' id='word_1_128' title='bbox 1603 1142 1847 1182; x_wconf 83' lang='lat' dir='ltr'>Lutherius.</span> <span class='ocrx_word' id='word_1_129' title='bbox 1874 1142 2021 1184; x_wconf 87' lang='lat' dir='ltr'>Gebe-</span> 
     </span>
     <span class='ocr_line' id='line_1_16' title="bbox 142 1201 2021 1252; baseline 0.003 -5"><span class='ocrx_word' id='word_1_130' title='bbox 142 1207 314 1247; x_wconf 87' lang='lat' dir='ltr'>hardus.</span> <span class='ocrx_word' id='word_1_131' title='bbox 355 1206 527 1247; x_wconf 82' lang='lat' dir='ltr'>fratres.</span> <span class='ocrx_word' id='word_1_132' title='bbox 567 1209 638 1248; x_wconf 86' lang='lat' dir='ltr'>Ex</span> <span class='ocrx_word' id='word_1_133' title='bbox 677 1209 898 1249; x_wconf 82' lang='lat' dir='ltr'>Moravis:</span> <span class='ocrx_word' id='word_1_134' title='bbox 938 1209 1184 1249; x_wconf 86' lang='lat' dir='ltr'>Ratiborius</span> <span class='ocrx_word' id='word_1_135' title='bbox 1225 1210 1278 1249; x_wconf 89' lang='lat' dir='ltr'>de</span> <span class='ocrx_word' id='word_1_136' title='bbox 1311 1210 1479 1249; x_wconf 84' lang='lat' dir='ltr'>Doblin.</span> <span class='ocrx_word' id='word_1_137' title='bbox 1528 1211 1650 1251; x_wconf 85' lang='lat' dir='ltr'>Voco</span> <span class='ocrx_word' id='word_1_138' title='bbox 1701 1201 2021 1252; x_wconf 78' lang='lat' dir='ltr'>filius&#39;Boruth,</span> 
     </span>
     <span class='ocr_line' id='line_1_17' title="bbox 145 1275 2022 1330; baseline 0.003 -14"><span class='ocrx_word' id='word_1_139' title='bbox 145 1276 314 1317; x_wconf 73' lang='lat' dir='ltr'>Voiteh‘</span> <span class='ocrx_word' id='word_1_140' title='bbox 337 1275 444 1317; x_wconf 86' lang='lat' dir='ltr'>filius</span> <span class='ocrx_word' id='word_1_141' title='bbox 487 1277 710 1330; x_wconf 86' lang='lat' dir='ltr'>Stephani.</span> <span class='ocrx_word' id='word_1_142' title='bbox 749 1279 892 1319; x_wconf 77' lang='lat' dir='ltr'>Milisc</span> <span class='ocrx_word' id='word_1_143' title='bbox 926 1290 1016 1318; x_wconf 89' lang='lat' dir='ltr'>cum</span> <span class='ocrx_word' id='word_1_144' title='bbox 1049 1278 1309 1318; x_wconf 81' lang='lat' dir='ltr'>Zlawiborio</span> <span class='ocrx_word' id='word_1_145' title='bbox 1341 1277 1475 1318; x_wconf 88' lang='lat' dir='ltr'>fratre</span> <span class='ocrx_word' id='word_1_146' title='bbox 1508 1291 1597 1320; x_wconf 89' lang='lat' dir='ltr'>suo.</span> <span class='ocrx_word' id='word_1_147' title='bbox 1638 1280 1762 1321; x_wconf 91' lang='lat' dir='ltr'>Voco</span> <span class='ocrx_word' id='word_1_148' title='bbox 1794 1281 2022 1321; x_wconf 82' lang='lat' dir='ltr'>subcame-</span> 
     </span>
     <span class='ocr_line' id='line_1_18' title="bbox 141 1345 2021 1403; baseline 0.003 -17"><span class='ocrx_word' id='word_1_149' title='bbox 141 1347 294 1387; x_wconf 85' lang='lat' dir='ltr'>rarius.</span> <span class='ocrx_word' id='word_1_150' title='bbox 334 1346 552 1398; x_wconf 85' lang='lat' dir='ltr'>Lupoldus</span> <span class='ocrx_word' id='word_1_151' title='bbox 599 1345 705 1387; x_wconf 87' lang='lat' dir='ltr'>filius</span> <span class='ocrx_word' id='word_1_152' title='bbox 752 1345 1034 1388; x_wconf 48' lang='lat' dir='ltr'>W&#39;Volsrammi.</span> <span class='ocrx_word' id='word_1_153' title='bbox 1084 1348 1338 1388; x_wconf 77' lang='lat' dir='ltr'>Zemizlaus.</span> <span class='ocrx_word' id='word_1_154' title='bbox 1386 1349 1659 1389; x_wconf 84' lang='lat' dir='ltr'>Zuatozlaus.</span> <span class='ocrx_word' id='word_1_155' title='bbox 1701 1353 1744 1391; x_wconf 89' lang='lat' dir='ltr'>et</span> <span class='ocrx_word' id='word_1_156' title='bbox 1791 1351 1860 1391; x_wconf 90' lang='lat' dir='ltr'>alii</span> <span class='ocrx_word' id='word_1_157' title='bbox 1901 1363 2021 1403; x_wconf 88' lang='lat' dir='ltr'>quam</span> 
     </span>
     <span class='ocr_line' id='line_1_19' title="bbox 141 1416 2021 1468; baseline 0.003 -13"><span class='ocrx_word' id='word_1_158' title='bbox 141 1416 286 1468; x_wconf 91' lang='lat' dir='ltr'>plures</span> <span class='ocrx_word' id='word_1_159' title='bbox 319 1416 463 1456; x_wconf 87' lang='lat' dir='ltr'>Boemi</span> <span class='ocrx_word' id='word_1_160' title='bbox 488 1418 531 1456; x_wconf 91' lang='lat' dir='ltr'>et</span> <span class='ocrx_word' id='word_1_161' title='bbox 561 1416 744 1456; x_wconf 89' lang='lat' dir='ltr'>Moraui.</span> <span class='ocrx_word' id='word_1_162' title='bbox 793 1417 905 1457; x_wconf 89' lang='lat' dir='ltr'>Acta</span> <span class='ocrx_word' id='word_1_163' title='bbox 930 1420 1067 1457; x_wconf 86' lang='lat' dir='ltr'>autem</span> <span class='ocrx_word' id='word_1_164' title='bbox 1100 1421 1197 1457; x_wconf 87' lang='lat' dir='ltr'>sunt</span> <span class='ocrx_word' id='word_1_165' title='bbox 1224 1418 1305 1457; x_wconf 90' lang='lat' dir='ltr'>hec</span> <span class='ocrx_word' id='word_1_166' title='bbox 1338 1430 1449 1458; x_wconf 89' lang='lat' dir='ltr'>anno</span> <span class='ocrx_word' id='word_1_167' title='bbox 1479 1418 1684 1460; x_wconf 89' lang='lat' dir='ltr'>dominice</span> <span class='ocrx_word' id='word_1_168' title='bbox 1716 1420 2021 1460; x_wconf 86' lang='lat' dir='ltr'>incarnationis</span> 
     </span>
     <span class='ocr_line' id='line_1_20' title="bbox 142 1483 2020 1541; baseline 0.002 -16"><span class='ocrx_word' id='word_1_169' title='bbox 142 1485 367 1525; x_wconf 86' lang='lat' dir='ltr'>Millesimo</span> <span class='ocrx_word' id='word_1_170' title='bbox 409 1483 678 1526; x_wconf 85' lang='lat' dir='ltr'>CCXXXV.</span> <span class='ocrx_word' id='word_1_171' title='bbox 719 1485 956 1526; x_wconf 88' lang='lat' dir='ltr'>Indictione</span> <span class='ocrx_word' id='word_1_172' title='bbox 998 1486 1119 1526; x_wconf 83' lang='lat' dir='ltr'>VIII.</span> <span class='ocrx_word' id='word_1_173' title='bbox 1165 1486 1320 1527; x_wconf 89' lang='lat' dir='ltr'>Datum</span> <span class='ocrx_word' id='word_1_174' title='bbox 1360 1491 1460 1540; x_wconf 88' lang='lat' dir='ltr'>aput</span> <span class='ocrx_word' id='word_1_175' title='bbox 1499 1488 1703 1529; x_wconf 86' lang='lat' dir='ltr'>brunnam</span> <span class='ocrx_word' id='word_1_176' title='bbox 1741 1500 1820 1541; x_wconf 87' lang='lat' dir='ltr'>per</span> <span class='ocrx_word' id='word_1_177' title='bbox 1858 1501 2020 1529; x_wconf 89' lang='lat' dir='ltr'>manum</span> 
     </span>
     <span class='ocr_line' id='line_1_21' title="bbox 145 1554 999 1596; baseline 0.001 -2"><span class='ocrx_word' id='word_1_178' title='bbox 145 1554 298 1594; x_wconf 86' lang='lat' dir='ltr'>notarii</span> <span class='ocrx_word' id='word_1_179' title='bbox 330 1554 551 1594; x_wconf 66' lang='lat' dir='ltr'>u⁷ilhelmi</span> <span class='ocrx_word' id='word_1_180' title='bbox 582 1554 703 1595; x_wconf 72' lang='lat' dir='ltr'>vul.</span> <span class='ocrx_word' id='word_1_181' title='bbox 736 1555 836 1595; x_wconf 90' lang='lat' dir='ltr'>Idus</span> <span class='ocrx_word' id='word_1_182' title='bbox 869 1556 999 1596; x_wconf 82' lang='lat' dir='ltr'>Junii.</span> 
     </span>
    </p>
   </div>
   <div class='ocr_carea' id='block_1_3' title="bbox 454 1643 2020 1718">
    <p class='ocr_par' dir='ltr' id='par_1_3' title="bbox 454 1643 2020 1718">
     <span class='ocr_line' id='line_1_22' title="bbox 454 1643 2020 1718; baseline 0.003 -18"><span class='ocrx_word' id='word_1_183' title='bbox 454 1667 509 1700; x_wconf 77' lang='lat' dir='ltr'>Ex</span> <span class='ocrx_word' id='word_1_184' title='bbox 533 1668 730 1709; x_wconf 84' lang='lat' dir='ltr'>originali</span> <span class='ocrx_word' id='word_1_185' title='bbox 755 1669 785 1699; x_wconf 90' lang='lat' dir='ltr'>in</span> <span class='ocrx_word' id='word_1_186' title='bbox 809 1668 948 1700; x_wconf 82' lang='lat' dir='ltr'>archivo</span> <span class='ocrx_word' id='word_1_187' title='bbox 978 1678 1007 1701; x_wconf 89' lang='lat' dir='ltr'>c.</span> <span class='ocrx_word' id='word_1_188' title='bbox 1031 1679 1058 1701; x_wconf 86' lang='lat' dir='ltr'>r.</span> <span class='ocrx_word' id='word_1_189' title='bbox 1081 1669 1187 1701; x_wconf 88' lang='lat' dir='ltr'>aulico</span> <span class='ocrx_word' id='word_1_190' title='bbox 1212 1643 1478 1702; x_wconf 63' lang='lat' dir='ltr'>vindobonae</span> <span class='ocrx_word' id='word_1_191' title='bbox 1507 1680 1579 1718; x_wconf 84' lang='lat' dir='ltr'>cum</span> <span class='ocrx_word' id='word_1_192' title='bbox 1604 1671 1709 1703; x_wconf 89' lang='lat' dir='ltr'>tribus</span> <span class='ocrx_word' id='word_1_193' title='bbox 1739 1672 1858 1713; x_wconf 82' lang='lat' dir='ltr'>sigillis</span> <span class='ocrx_word' id='word_1_194' title='bbox 1889 1671 2020 1714; x_wconf 87' lang='lat' dir='ltr'>adpen-</span> 
     </span>
    </p>
   </div>
   <div class='ocr_carea' id='block_1_4' title="bbox 558 1719 1836 1765">
    <p class='ocr_par' dir='ltr' id='par_1_4' title="bbox 558 1719 1836 1765">
     <span class='ocr_line' id='line_1_23' title="bbox 558 1719 1836 1765; baseline 0.003 -14"><span class='ocrx_word' id='word_1_195' title='bbox 558 1719 722 1752; x_wconf 78' lang='lat' dir='ltr'>dentibus.</span> <span class='ocrx_word' id='word_1_196' title='bbox 745 1739 788 1744; x_wconf 94' lang='lat'><strong>—</strong></span> <span class='ocrx_word' id='word_1_197' title='bbox 811 1719 981 1753; x_wconf 73' lang='lat' dir='ltr'>Excusum</span> <span class='ocrx_word' id='word_1_198' title='bbox 1005 1722 1221 1753; x_wconf 80' lang='lat' dir='ltr'>incon-cetius</span> <span class='ocrx_word' id='word_1_199' title='bbox 1246 1721 1334 1763; x_wconf 86' lang='lat' dir='ltr'>apud</span> <span class='ocrx_word' id='word_1_200' title='bbox 1358 1720 1670 1765; x_wconf 85' lang='lat' dir='ltr'>Sommersberg</span> <span class='ocrx_word' id='word_1_201' title='bbox 1693 1723 1719 1755; x_wconf 94' lang='lat' dir='ltr'>I.</span> <span class='ocrx_word' id='word_1_202' title='bbox 1745 1721 1836 1755; x_wconf 71' lang='lat'>923.</span> 
     </span>
    </p>
   </div>
   <div class='ocr_carea' id='block_1_5' title="bbox 948 1896 1212 1940">
    <p class='ocr_par' dir='ltr' id='par_1_5' title="bbox 948 1896 1212 1940">
     <span class='ocr_line' id='line_1_24' title="bbox 948 1896 1212 1940; baseline -0.008 0"><span class='ocrx_word' id='word_1_203' title='bbox 948 1896 1157 1940; x_wconf 81' lang='lat' dir='ltr'>CCLXV</span> <span class='ocrx_word' id='word_1_204' title='bbox 1158 1899 1212 1939; x_wconf 93' lang='lat'>11.</span> 
     </span>
    </p>
   </div>
   <div class='ocr_carea' id='block_1_6' title="bbox 143 1990 2018 2184">
    <p class='ocr_par' dir='ltr' id='par_1_6' title="bbox 143 1990 2018 2184">
     <span class='ocr_line' id='line_1_25' title="bbox 146 1990 2018 2050; baseline 0.001 -17"><span class='ocrx_word' id='word_1_205' title='bbox 146 1990 385 2043; x_wconf 67' lang='lat' dir='ltr'>Greyorz’us</span> <span class='ocrx_word' id='word_1_206' title='bbox 425 2005 540 2045; x_wconf 79' lang='lat' dir='ltr'>papa</span> <span class='ocrx_word' id='word_1_207' title='bbox 578 1992 660 2033; x_wconf 86' lang='lat' dir='ltr'>IX.</span> <span class='ocrx_word' id='word_1_208' title='bbox 702 1994 1005 2033; x_wconf 72' lang='lat' dir='ltr'>monasterium</span> <span class='ocrx_word' id='word_1_209' title='bbox 1048 1995 1092 2033; x_wconf 77' lang='lat' dir='ltr'>in</span> <span class='ocrx_word' id='word_1_210' title='bbox 1135 1991 1374 2034; x_wconf 68' lang='grc' dir='ltr'><strong><em>Τίἒηοωὶεε</em></strong></span> <span class='ocrx_word' id='word_1_211' title='bbox 1412 1996 1456 2034; x_wconf 78' lang='lat' dir='ltr'>in</span> <span class='ocrx_word' id='word_1_212' title='bbox 1491 1996 1789 2047; x_wconf 75' lang='lat' dir='ltr'>protectionem</span> <span class='ocrx_word' id='word_1_213' title='bbox 1829 1997 2018 2050; x_wconf 67' lang='lat' dir='ltr'>suscipit,</span> 
     </span>
     <span class='ocr_line' id='line_1_26' title="bbox 143 2055 2017 2116; baseline 0.002 -16"><span class='ocrx_word' id='word_1_214' title='bbox 143 2071 367 2114; x_wconf 82' lang='lat' dir='ltr'>omnesque</span> <span class='ocrx_word' id='word_1_215' title='bbox 403 2062 494 2114; x_wconf 82' lang='lat' dir='ltr'>ejus</span> <span class='ocrx_word' id='word_1_216' title='bbox 527 2060 736 2102; x_wconf 76' lang='lat' dir='ltr'>libertates</span> <span class='ocrx_word' id='word_1_217' title='bbox 769 2065 808 2101; x_wconf 82' lang='lat' dir='ltr'>et</span> <span class='ocrx_word' id='word_1_218' title='bbox 835 2055 1130 2115; x_wconf 64' lang='lat' dir='ltr'>passe-ssione-s⁸</span> <span class='ocrx_word' id='word_1_219' title='bbox 1163 2064 1395 2116; x_wconf 73' lang='lat' dir='ltr'>confirmat.</span> <span class='ocrx_word' id='word_1_220' title='bbox 1460 2065 1532 2104; x_wconf 85' lang='lat' dir='ltr'>Dt.</span> <span class='ocrx_word' id='word_1_221' title='bbox 1574 2065 1767 2116; x_wconf 76' lang='lat' dir='ltr'>Perusiz&#39;,</span> <span class='ocrx_word' id='word_1_222' title='bbox 1807 2065 1880 2106; x_wconf 87' lang='lat' dir='ltr'>VI.</span> <span class='ocrx_word' id='word_1_223' title='bbox 1915 2066 2017 2106; x_wconf 82' lang='lat' dir='ltr'>Kal.</span> 
     </span>
     <span class='ocr_line' id='line_1_27' title="bbox 845 2130 1315 2184; baseline 0 -12"><span class='ocrx_word' id='word_1_224' title='bbox 845 2130 1121 2184; x_wconf 73' lang='lat' dir='ltr'>Septembris,</span> <span class='ocrx_word' id='word_1_225' title='bbox 1162 2131 1315 2172; x_wconf 75' lang='lat'><strong>1235.</strong></span> 
     </span>
    </p>
   </div>
   <div class='ocr_carea' id='block_1_7' title="bbox 142 2222 2019 2577">
    <p class='ocr_par' dir='ltr' id='par_1_7' title="bbox 142 2222 2019 2577">
     <span class='ocr_line' id='line_1_28' title="bbox 276 2222 2019 2297; baseline 0.003 -16"><span class='ocrx_word' id='word_1_226' title='bbox 276 2222 541 2297; x_wconf 77' lang='lat' dir='ltr'>Gregorius</span> <span class='ocrx_word' id='word_1_227' title='bbox 575 2243 801 2295; x_wconf 89' lang='lat' dir='ltr'>episcopus</span> <span class='ocrx_word' id='word_1_228' title='bbox 834 2254 987 2284; x_wconf 89' lang='lat' dir='ltr'>seruus</span> <span class='ocrx_word' id='word_1_229' title='bbox 1021 2255 1239 2284; x_wconf 88' lang='lat' dir='ltr'>seruorum</span> <span class='ocrx_word' id='word_1_230' title='bbox 1274 2244 1356 2284; x_wconf 85' lang='lat' dir='ltr'>dei.</span> <span class='ocrx_word' id='word_1_231' title='bbox 1421 2244 1598 2286; x_wconf 87' lang='lat' dir='ltr'>Dilectis</span> <span class='ocrx_word' id='word_1_232' title='bbox 1631 2241 1672 2286; x_wconf 88' lang='lat' dir='ltr'>in</span> <span class='ocrx_word' id='word_1_233' title='bbox 1706 2244 1878 2288; x_wconf 81' lang='lat' dir='ltr'>Christo</span> <span class='ocrx_word' id='word_1_234' title='bbox 1911 2245 2019 2287; x_wconf 87' lang='lat' dir='ltr'>filia-</span> 
     </span>
     <span class='ocr_line' id='line_1_29' title="bbox 143 2311 2019 2367; baseline 0.002 -15"><span class='ocrx_word' id='word_1_235' title='bbox 143 2311 223 2352; x_wconf 90' lang='lat' dir='ltr'>bus</span> <span class='ocrx_word' id='word_1_236' title='bbox 257 2340 267 2350; x_wconf 94' lang='lat'><strong>.</strong></span> <span class='ocrx_word' id='word_1_237' title='bbox 301 2340 311 2350; x_wconf 91' lang='lat'><strong>.</strong></span> <span class='ocrx_word' id='word_1_238' title='bbox 343 2311 578 2351; x_wconf 83' lang='lat' dir='ltr'>Abbatisse</span> <span class='ocrx_word' id='word_1_239' title='bbox 610 2311 865 2352; x_wconf 88' lang='lat' dir='ltr'>Monasterii</span> <span class='ocrx_word' id='word_1_240' title='bbox 901 2313 954 2352; x_wconf 90' lang='lat' dir='ltr'>de</span> <span class='ocrx_word' id='word_1_241' title='bbox 983 2315 1109 2365; x_wconf 79' lang='lat' dir='ltr'>porta</span> <span class='ocrx_word' id='word_1_242' title='bbox 1141 2314 1234 2354; x_wconf 84' lang='lat' dir='ltr'>celi.</span> <span class='ocrx_word' id='word_1_243' title='bbox 1260 2314 1437 2367; x_wconf 87' lang='lat' dir='ltr'>eiusque</span> <span class='ocrx_word' id='word_1_244' title='bbox 1469 2315 1689 2355; x_wconf 88' lang='lat' dir='ltr'>sororibus</span> <span class='ocrx_word' id='word_1_245' title='bbox 1721 2319 1802 2356; x_wconf 88' lang='lat' dir='ltr'>tam</span> <span class='ocrx_word' id='word_1_246' title='bbox 1835 2327 2019 2367; x_wconf 90' lang='lat' dir='ltr'>presen-</span> 
     </span>
     <span class='ocr_line' id='line_1_30' title="bbox 143 2378 2019 2440; baseline 0.003 -20"><span class='ocrx_word' id='word_1_247' title='bbox 143 2380 255 2421; x_wconf 84' lang='lat' dir='ltr'>tibus</span> <span class='ocrx_word' id='word_1_248' title='bbox 296 2391 418 2432; x_wconf 87' lang='lat' dir='ltr'>quam</span> <span class='ocrx_word' id='word_1_249' title='bbox 456 2378 606 2420; x_wconf 88' lang='lat' dir='ltr'>suturis</span> <span class='ocrx_word' id='word_1_250' title='bbox 646 2382 893 2436; x_wconf 81' lang='lat' dir='ltr'>regularem</span> <span class='ocrx_word' id='word_1_251' title='bbox 931 2383 1054 2422; x_wconf 87' lang='lat' dir='ltr'>uitam</span> <span class='ocrx_word' id='word_1_252' title='bbox 1093 2380 1303 2434; x_wconf 83' lang='lat' dir='ltr'>professis</span> <span class='ocrx_word' id='word_1_253' title='bbox 1342 2384 1384 2423; x_wconf 91' lang='lat' dir='ltr'>in</span> <span class='ocrx_word' id='word_1_254' title='bbox 1431 2387 1690 2437; x_wconf 87' lang='lat' dir='ltr'>perpetuum.</span> <span class='ocrx_word' id='word_1_255' title='bbox 1753 2384 2019 2440; x_wconf 86' lang='lat' dir='ltr'>Religiosam</span> 
     </span>
     <span class='ocr_line' id='line_1_31' title="bbox 142 2450 2017 2506; baseline 0.003 -16"><span class='ocrx_word' id='word_1_256' title='bbox 142 2450 270 2490; x_wconf 88' lang='lat' dir='ltr'>uitam</span> <span class='ocrx_word' id='word_1_257' title='bbox 304 2450 580 2504; x_wconf 83' lang='lat' dir='ltr'>eligentibus.</span> <span class='ocrx_word' id='word_1_258' title='bbox 620 2451 892 2503; x_wconf 87' lang='lat' dir='ltr'>apostolicum</span> <span class='ocrx_word' id='word_1_259' title='bbox 925 2452 1123 2492; x_wconf 89' lang='lat' dir='ltr'>conuenit</span> <span class='ocrx_word' id='word_1_260' title='bbox 1162 2452 1320 2492; x_wconf 82' lang='lat' dir='ltr'>adesse</span> <span class='ocrx_word' id='word_1_261' title='bbox 1352 2454 1594 2506; x_wconf 87' lang='lat' dir='ltr'>presidium.</span> <span class='ocrx_word' id='word_1_262' title='bbox 1637 2465 1693 2494; x_wconf 90' lang='lat' dir='ltr'>ne</span> <span class='ocrx_word' id='word_1_263' title='bbox 1731 2452 1840 2494; x_wconf 83' lang='lat' dir='ltr'>sorte</span> <span class='ocrx_word' id='word_1_264' title='bbox 1873 2455 2017 2494; x_wconf 80' lang='lat' dir='ltr'>cuius-</span> 
     </span>
     <span class='ocr_line' id='line_1_32' title="bbox 146 2520 2019 2577; baseline 0.002 -17"><span class='ocrx_word' id='word_1_265' title='bbox 146 2520 247 2560; x_wconf 84' lang='lat' dir='ltr'>libet</span> <span class='ocrx_word' id='word_1_266' title='bbox 280 2521 526 2561; x_wconf 85' lang='lat' dir='ltr'>temeritatis</span> <span class='ocrx_word' id='word_1_267' title='bbox 550 2521 760 2561; x_wconf 89' lang='lat' dir='ltr'>incursus.</span> <span class='ocrx_word' id='word_1_268' title='bbox 793 2525 866 2562; x_wconf 88' lang='lat' dir='ltr'>aut</span> <span class='ocrx_word' id='word_1_269' title='bbox 890 2533 967 2562; x_wconf 85' lang='lat' dir='ltr'>eas</span> <span class='ocrx_word' id='word_1_270' title='bbox 1000 2533 1026 2560; x_wconf 85' lang='lat' dir='ltr'>a</span> <span class='ocrx_word' id='word_1_271' title='bbox 1052 2523 1265 2575; x_wconf 89' lang='lat' dir='ltr'>proposito</span> <span class='ocrx_word' id='word_1_272' title='bbox 1300 2527 1486 2564; x_wconf 88' lang='lat' dir='ltr'>reuocet.</span> <span class='ocrx_word' id='word_1_273' title='bbox 1510 2528 1583 2564; x_wconf 89' lang='lat' dir='ltr'>aut</span> <span class='ocrx_word' id='word_1_274' title='bbox 1615 2524 1743 2564; x_wconf 87' lang='lat' dir='ltr'>robur</span> <span class='ocrx_word' id='word_1_275' title='bbox 1767 2524 1872 2577; x_wconf 89' lang='lat' dir='ltr'>quod</span> <span class='ocrx_word' id='word_1_276' title='bbox 1908 2524 2019 2564; x_wconf 84' lang='lat' dir='ltr'>absit</span> 
     </span>
    </p>
   </div>
  </div>
 </body>
</html>
