2212 2876
1015 95 1114 135 149

128 240 273 279 marito
314 243 458 279 nostro
499 239 824 294 gubernandam
871 239 1112 290 accepimus
1153 251 1244 279 cum
1292 238 1480 279 omnibus
1522 239 1611 279 suis
1651 240 1916 290 pertinentiis
1959 243 2000 279 et

127 308 358 348 redditibus
391 311 486 360 post
519 309 725 348 incursum
760 309 1038 363 malignorum
1071 312 1113 348 et
1146 309 1261 363 ignis
1292 309 1558 363 voraginem.
1593 320 1673 361 quo
1706 320 1864 363 magna
1897 320 1999 360 pars

124 388 266 417 eorum
300 379 484 418 ciuitatis
525 382 743 418 consumta
787 389 888 417 esse
922 378 1167 417 dinoscitur.
1209 378 1426 428 pristinum
1460 379 1499 417 in
1534 381 1685 417 statum
1717 390 1849 429 ymmo
1883 379 2001 418 iuxta

125 458 254 498 posse
294 447 336 486 in
377 447 693 486 commodiorem
734 448 993 486 constituere
1034 451 1075 486 et
1114 447 1302 486 euellere
1344 449 1470 502 regie
1510 448 1814 498 compassionis
1855 448 2002 487 intuitu

125 515 231 567 ip'sis
265 517 481 556 uinearum
513 520 675 556 montes
709 527 813 568 quos
846 516 1120 567 plantauimus
1154 517 1231 567 ipsi
1274 518 1432 557 ciuitati
1466 517 1714 556 adiacentes
1755 517 2000 556 contulimus

132 585 171 624 in
205 589 449 636 perpetuum
481 571 776 636 possidendos.
809 585 1056 625 relaxantes
1091 597 1238 625 omnes
1273 586 1457 625 decimas
1491 597 1572 639 que
1605 586 1726 626 nobis
1760 590 2000 637 competere

126 655 306 705 poterint
339 654 508 695 exinde.
544 655 736 706 exceptis
761 655 1037 694 tantummodo
1073 655 1243 694 decimis
1279 656 1497 695 vinearum
1531 667 1636 707 quas
1669 655 1914 695 monialibus
1947 654 1999 694 ad

124 727 314 764 sanctum
346 725 516 764 Petrum
548 724 590 763 in
615 723 785 764 Olomuc
819 727 860 763 et
893 724 1145 763 monasterio
1173 725 1213 762 in
1248 722 1459 764 Gradisch
1491 724 1698 763 hactenus
1726 725 2000 775 pei-soluimus

124 803 230 845 quas
264 794 385 832 etiam
420 794 460 832 in
493 791 671 832 futurum
697 793 862 832 soluent
895 790 1044 844 prefati
1070 793 1188 831 ciues
1223 792 1275 831 de
1309 792 1456 832 iisdem
1489 793 1709 832 montibus.
1757 794 1813 833 Et
1844 798 1888 833 ut
1920 794 1999 832 liec

123 866 269 901 nostre
293 862 574 916 benignitatis
597 861 764 901 donatio
790 862 919 901 robur
952 862 993 900 in
1018 865 1263 912 perpetuum
1297 862 1516 901 valiturum
1548 862 1734 901 obtineat
1756 862 1999 901 carissimus

123 932 295 971 maritus
320 937 466 971 noster
491 930 679 970 dominus
709 929 924 971 otakarus
949 931 1020 982 qui
1044 934 1082 969 el
1108 931 1304 970 Premizl
1329 930 1397 970 dei
1425 931 1579 983 ,qracia
1604 943 1688 970 rea·
1711 930 2000 970 Bohemorum

72 995 77 999 ’
124 1003 163 1039 et
199 1000 293 1040 dum
333 1002 627 1040 ,Um-auorum.
671 1000 802 1054 sigilli
845 1011 1010 1052 quoque
1055 1001 1118 1040 sui
1160 1001 1378 1039 munimine
1420 1000 1531 1040 hanc
1573 1004 1757 1040 nostram
1801 1002 2000 1054 paginam

123 1069 351 1109 roborauit.
400 1070 550 1108 Actum
585 1071 626 1109 in
661 1069 863 1123 Godinge
896 1081 1041 1109 mense
1064 1070 1222 1109 Martio
1257 1082 1367 1109 anno
1402 1070 1554 1124 gracie
1578 1070 1803 1110 Millesimo
1838 1069 1999 1109 ducen-
2042 1112 2047 1117 .

122 1140 269 1179 tesimo
302 1138 512 1193 vigesimo
547 1139 670 1178 tertio
705 1150 846 1178 coram
871 1140 1050 1178 testibus
1083 1139 1332 1178 subnotatis
1365 1150 1535 1192 quorum
1569 1143 1665 1179 sunt
1698 1139 1778 1179 hec
1812 1140 2001 1179 nomina:
2040 1143 2058 1158 ·'

124 1209 334 1248 Bawarus
369 1208 660 1248 Olomucensis
703 1209 976 1248 camerarius.
1010 1208 1256 1259 Stephanus
1298 1209 1351 1248 de
1383 1209 1599 1249 Medloue.
1634 1207 1806 1250 Cstibor
1839 1208 1999 1248 castel-

125 1277 247 1318 lanus
278 1277 579 1318 Prerouensis.
614 1278 859 1318 Ratiborius
887 1278 1014 1318 iudex
1044 1279 1294 1318 BrunensiS.
1329 1276 1555 1320 Cunradus
1581 1279 1725 1319 scriba
1750 1279 1999 1319 Brunensis.

125 1347 239 1388 Onso
270 1347 533 1401 burgrauius
568 1348 619 1387 de
647 1347 822 1387 Podiuin
858 1352 899 1388 et
932 1348 999 1387 alii
1030 1359 1150 1399 quam
1184 1348 1340 1399 plures.
1389 1349 1544 1389 Datum
1576 1348 1727 1388 ibidem
1756 1360 1832 1401 per
1854 1360 1999 1388 manus

122 1417 253 1456 Jaros
286 1416 492 1468 capellani
526 1417 673 1455 nostri.
1421 1419 1426 1422 “

435 1516 464 1547 Ε
491 1515 606 1548 codice
631 1516 995 1548 Tischnowicensi
1019 1516 1090 1549 Ms.
1114 1526 1184 1566 sec.
1209 1516 1303 1549 XIV.

945 1691 1168 1735 CXLVII.

124 1795 339 1847 Pi·emysl‚
374 1798 444 1848 qui
485 1800 523 1835 el
556 1795 784 1849 Olultarus7
824 1810 909 1837 rear:
941 1798 1199 1838 Boemorum
1242 1800 1282 1838 et
1318 1797 1412 1838 dum
1451 1800 1744 1850 Moravomm,
1780 1799 2002 1852 confirmat

124 1864 284 1905 civibus
318 1865 369 1905 de
402 1866 588 1905 Bisence
624 1865 897 1918 privileffl'um
948 1867 1188 1919 I‘Wade’slm',
1228 1867 1491 1907 marchioni-s·
1523 1870 1762 1919 Mor-ariae,
1802 1868 1853 1908 ab
1886 1880 1997 1909 anno

154 1983 156 1985 Ι
190 1934 360 1989 1214.3
394 1937 432 1973 el
471 1934 664 1974 concedit
701 1934 869 1974 easdem
911 1935 1134 1987 libertates,
1175 1937 1324 1988 quibus
1364 1938 1512 1976 civim-s*
1554 1935 1755 1978 Izi-eclam
1795 1939 1936 1977 ulitur.

575 2005 648 2044 DI.
681 2005 725 2043 in
759 2004 964 2057 Hodonjrc
995 2018 1138 2045 mense
1170 2007 1343 2057 Martio,
1384 2006 1536 2046 1223.

253 2096 315 2157 In
348 2116 510 2155 nomine
544 2120 691 2157 sancte
725 2122 767 2157 et
800 2117 1013 2158 indiuidue
1045 2118 1254 2158 trinitatis.
1295 2129 1428 2157 amen.
1492 2117 1677 2158 Prouide
1718 2130 1769 2159 ac
1802 2119 1997 2160 laudabi-

123 2183 218 2224 liter
250 2196 327 2235 per
361 2178 711 2236 predecessorum
740 2187 923 2226 instituta
959 2191 1001 2227 et
1033 2188 1225 2227 ordinata
1258 2187 1504 2227 inconuulsa
1538 2198 1702 2240 quoque
1736 2200 1997 2230 conseruare

124 2257 167 2293 et
198 2254 304 2293 tueri
338 2255 466 2308 regie
499 2266 605 2294 sane
648 2259 714 2295 est
745 2257 992 2295 maiestatis.
1055 2257 1165 2296 Hinc
1206 2261 1272 2296 est
1311 2257 1420 2308 quod
1454 2268 1542 2311 ego
1588 2256 1817 2298 Ollalfarus
1859 2260 1930 2311 qui
1961 2261 2000 2298 e!

123 2322 322 2362 Premizl
348 2322 416 2362 dei
444 2325 587 2374 qratia
619 2336 702 2363 rem
726 2325 1014 2364 Bolzemorum
1047 2328 1085 2364 et
1116 2324 1210 2364 dax
1239 2325 1534 2365 :nm-auorum.
1568 2327 1840 2367 innotescere
1874 2328 1995 2379 cupio

123 2392 311 2431 omnibus
345 2395 426 2431 tam
462 2393 730 2443 presentibus
765 2405 884 2445 quam
918 2394 1188 2434 successuris
1222 2395 1261 2433 in
1281 2392 1465 2435 Christo.
1501 2380 1679 2462 qualiter
1712 2397 1830 2436 ciues
1864 2398 1996 2436 nostri

125 2459 264 2500 dilecti
308 2460 360 2500 de
402 2461 582 2500 Bis-ime
623 2463 881 2502 accedentes
921 2463 974 2501 ad
1008 2475 1099 2502 mee
1140 2465 1382 2504 serenitatis
1423 2466 1676 2516 presentiam
1719 2460 1758 2504 in
1794 2464 1996 2520 Godinge

124 2528 329 2569 humiliter
353 2530 653 2581 supplicarunt.
680 2532 874 2582 quatinus
906 2532 1009 2583 ipsis
1033 2532 1300 2587 priuilegium
1326 2533 1437 2574 bone
1462 2537 1504 2574 et
1536 2535 1603 2586 pie
1628 2536 1822 2574 memorie
1855 2534 1995 2574 dilecti
