2212 2876
208 273 462 327 resignauit.
527 269 635 319 Quia
676 270 808 323 igitur
842 268 895 308 de
936 269 1099 308 comuni
1131 279 1314 308 assensu
1348 269 1492 308 nostro
1533 271 1575 308 et
1608 270 1775 321 capituli
1807 271 1940 310 nostri
1974 281 2082 309 nec—

206 353 291 381 non
330 341 583 381 auctoritate
625 338 775 377 domini
820 335 1060 379 Cardinalis
1100 337 1346 389 supradicti.
1390 341 1433 376 et
1472 339 1604 377 nostri
1644 339 1877 390 dyocesani
1910 340 2083 380 Olomu-

209 411 352 450 censis
387 409 588 461 episcopi.
614 408 683 458 pie
717 411 759 446 et
791 407 1176 446 commendabiliter
1198 407 1279 446 hoc
1314 406 1544 446 dinoscitur
1577 418 1677 447 esse
1711 406 1861 447 factum
1894 410 2082 460 presenti

207 483 352 519 nostro
386 479 544 528 scripto
578 476 794 527 sollempni
827 479 870 516 et
894 476 1026 530 sigilli
1059 476 1284 515 communis
1311 476 1445 515 nostri
1478 480 1519 516 et
1552 476 1736 516 ecclesie
1769 480 1914 517 nostre
1947 490 2083 528 appo-

208 549 360 587 sitione
392 547 474 586 hoc
508 546 768 585 roboramus.
810 548 851 585 et
884 546 1229 597 permutationem
1271 545 1554 597 supradictam
1588 546 1895 586 rationabiliter
1932 544 2083 585 factam

207 617 338 656 modis
379 616 567 655 omnibus
607 616 877 654 communiter
916 615 1212 666 approbamus.
1263 618 1306 655 et
1350 626 1405 655 ne
1445 627 1523 666 per
1569 615 1746 667 aliquem
1786 627 2082 655 successorum

206 690 444 725 nostrorum
492 682 752 738 infringatur
807 688 1003 736 quantum
1048 695 1273 736 possumus
1326 684 1572 724 inhibemus.
1623 684 1700 724 sed
1757 685 1980 724 claustrum
2029 685 2083 725 de

208 755 413 795 Ozlawan
452 754 640 805 predium
680 753 787 793 idem
826 754 868 793 in
901 765 982 805 quo
1015 754 1137 793 situm
1170 756 1238 793 est
1271 757 1475 805 perpetuo
1508 754 1601 793 iure
1635 754 1676 793 in
1710 765 1817 804 pace
1850 754 2081 805 possideat.

206 828 249 864 et
297 824 484 863 ecclesia
531 823 823 863 Trebecensis
870 834 1108 862 econuerso
1156 823 1345 874 predivm
1393 823 1445 862 de
1493 822 1642 863 Horka
1690 834 1781 862 cum
1828 824 2083 874 supradictis

206 893 458 944 appenditiis
484 893 572 932 suis
598 890 774 944 pacifice
798 892 1002 943 deinceps
1020 892 1177 932 habeat
1203 895 1244 932 et
1275 893 1428 944 quiete.
1450 893 1670 944 presertim
1695 904 1783 932 cum
1801 893 2082 944 predictorum

206 966 368 1013 patrum
399 962 650 1001 auctoritate
693 965 736 1000 et
774 962 895 1001 nobis
928 961 1199 1012 presentibus
1241 964 1283 1001 et
1322 962 1684 1002 consentientibus
1725 963 1803 1001 sub
1836 963 2081 1001 intermina-

205 1032 319 1071 tione
360 1031 638 1070 anathematis
681 1042 734 1070 ne
768 1031 860 1082 quis
894 1029 1120 1070 diffidentie
1163 1028 1268 1070 filius
1301 1030 1382 1070 hoc
1424 1042 1603 1083 unquam
1646 1031 1802 1070 audeat
1840 1030 2082 1085 infringere

206 1101 261 1140 sit
292 1100 577 1151 sollempniter
610 1099 884 1138 interdictum.
946 1100 1059 1139 Acta
1099 1102 1196 1139 sunt
1234 1099 1315 1139 hec
1355 1100 1395 1139 in
1436 1100 1677 1140 'l'rebetsch
1716 1101 1842 1140 Anno
1876 1100 2082 1140 dominice

205 1170 509 1209 incarnationis
533 1169 745 1208 millesimo
774 1167 999 1209 CCXXV.
1031 1168 1266 1208 Indictione
1291 1169 1389 1209 XII.
1417 1169 1573 1209 Mense
1599 1170 1712 1209 ivnio
1740 1169 1819 1208 sub
1845 1170 2082 1209 testimonio

207 1242 249 1279 et
281 1236 592 1278 confirmatione
618 1238 897 1289 predictorum
930 1241 1090 1290 patrum
1120 1238 1439 1278 venerabilivm.
1474 1242 1516 1278 et
1548 1239 1721 1278 aliorum
1753 1238 1966 1278 multorum
1998 1243 2081 1278 tam

206 1308 453 1348 clericorum
496 1319 616 1359 quam
665 1307 864 1347 laicorum
904 1308 973 1360 qui
1020 1310 1246 1359 presentes
1296 1306 1503 1348 affuerunt
1564 1308 1634 1348 De
1681 1308 1861 1359 capitulo
1910 1309 2082 1347 maioris

207 1377 393 1417 ecclesie
427 1379 572 1416 nostre
614 1376 918 1416 Olomucensis.
981 1377 1101 1416 Esau
1141 1376 1468 1416 archidiaconus
1507 1376 1820 1416 PrerowensiS.
1860 1376 2083 1431 Magister

207 1446 464 1500 Gregorius.
506 1449 548 1485 et
587 1446 816 1486 Heinricus
857 1447 1051 1485 canonici
1085 1446 1404 1486 OlomucenseS.
1455 1444 1640 1488 sifridus
1682 1445 1895 1497 orphanus
1935 1445 2081 1484 archi·-

207 1515 410 1555 diaconus
439 1515 724 1554 Pataviensis.
750 1515 971 1569 Magister
988 1515 1265 1555 Bernhardus
1290 1515 1530 1567 prepositus
1544 1516 1587 1555 V
1591 1516 1836 1555 risacensis.
1862 1515 2083 1569 Magister

205 1584 404 1626 Salomon
444 1585 674 1623 canonicus
718 1585 1026 1635 Erbipolensis.
1091 1585 1158 1624 De
1206 1585 1388 1635 capitulo
1430 1589 1566 1625 autem
1612 1588 1756 1625 nostro
1799 1584 2082 1625 Trebecensi.

206 1654 421 1695 Arnoldus
453 1654 695 1706 prepositus
730 1654 782 1693 de
818 1653 939 1693 Luha
972 1655 1109 1694 sancti
1142 1653 1379 1695 Benedicti.

517 1753 572 1786 Ex
596 1753 790 1796 originali
816 1752 965 1795 ejusdem
988 1754 1178 1785 monasterii
1202 1754 1234 1786 in
1257 1754 1476 1797 registratura
1499 1763 1528 1785 c.
1553 1763 1579 1785 r.
1604 1752 1773 1785 Gubernii.

1041 1930 1244 1973 CLXIV.

205 2023 423 2079 Premysl,
463 2039 550 2066 rem
588 2027 862 2077 Boemorum,
905 2026 1113 2066 ratilmbet
1149 2026 1509 2066 conmutationem
1556 2025 1758 2065 bonorum
1801 2025 2002 2065 Oslowan
2043 2028 2084 2064 ec

207 2093 372 2147 Horlsaj
401 2099 441 2135 e!
460 2097 760 2134 monaslerium
785 2108 939 2135 norum
967 2096 1282 2145 Oslowcmense,
1308 2095 1553 2134 monialtmn
1581 2095 1745 2134 ordinis
1768 2094 2080 2145 s'esssleree‘evzse's,

373 2164 629 2204 libertatibus
663 2167 797 2204 ornat.
862 2166 978 2205 Data
1011 2166 1190 2217 Proque
1229 2164 1301 2205 ΓΙ.
1336 2164 1561 2205 Kalendas
1595 2164 1722 2215 June}
1762 2163 1913 2203 12:25.

338 2256 399 2318 In
432 2278 596 2316 nomine
629 2281 779 2317 sancte
805 2278 1000 2318 trinitatis
1034 2281 1076 2317 et
1102 2277 1314 2317 indiuidue
1346 2277 1531 2316 unitatis.
1578 2276 1679 2330 Ego
1704 2275 1885 2315 Premizl
1919 2275 2078 2314 tercius

207 2356 289 2385 rex
321 2345 506 2385 Boemie.
571 2346 719 2385 Domui
753 2351 902 2386 sancte
935 2347 1076 2386 Marie
1117 2347 1155 2385 in
1193 2346 1401 2400 Ozlomm7
1441 2350 1483 2384 et
1516 2345 1705 2384 omnibus
1745 2345 1941 2395 personis
1975 2344 2077 2382 reli-

210 2415 349 2470 giosis
381 2415 435 2454 ibi
469 2414 564 2453 Deo
598 2415 882 2455 seruientibus
917 2417 956 2455 in
992 2420 1247 2466 perpetuum.
1303 2413 1406 2455 Cum
1440 2415 1567 2467 regie
1601 2414 1825 2452 conueniat
1857 2413 2077 2451 serenitati

209 2485 383 2524 omnium
422 2484 499 2523 sub
541 2488 750 2535 potestate
790 2487 881 2523 eius
922 2485 1176 2539 (legencium
1218 2485 1378 2523 utilitati
1430 2490 1471 2523 et
1510 2483 1794 2534 tranquillitati
1838 2482 2078 2534 prouidere,

209 2553 250 2592 in
275 2564 325 2593 eo
349 2556 484 2592 tamen
509 2554 547 2592 ei
573 2553 746 2592 uberior
771 2557 957 2608 augetur
981 2554 1137 2608 gloria„
1164 2554 1200 2593 si
1227 2564 1368 2593 eorum
1403 2553 1468 2604 qui
1496 2553 1578 2591 Dei
1608 2551 1823 2603 obsequiis
1849 2550 2076 2601 specialius
