2212 2876
1043 126 1140 187 181

966 288 1214 331 CLXXVI.

152 393 416 448 LeopolduS,
442 392 536 433 dum
559 394 761 434 Auso-iae
782 395 821 433 et
841 391 1027 445 Styriae‚
1055 393 1279 446 confirmat
1296 390 1507 445 fratribus
1532 390 1756 445 hospitalis
1781 403 1816 431 s.
1840 391 2028 433 Jocmm's
2075 443 2077 445 ,

142 464 221 517 jus
258 466 509 516 patronatus
547 463 825 503 ecclesiarum
871 463 917 502 in
966 461 1265 513 W'ollcenstein,
1304 462 1595 512 Palm-densis,
1639 463 1679 500 el
1723 462 1767 501 in
1805 461 2027 512 Erdburq,

228 532 524 573 olomucensis
557 531 776 572 dioecesis.
840 532 913 572 Dc.
948 533 992 572 in
1023 531 1146 572 Nova
1180 531 1344 570 civitate
1375 530 1401 570 1
1411 530 1456 571 V.
1490 530 1598 570 Idus
1629 531 1755 583 lllttji,
1796 529 1950 572 1227.

283 605 565 677 Leopoldus,
599 622 668 662 dei
700 624 855 678 gracia
889 623 974 663 dux
1006 622 1183 662 Austrie
1217 625 1259 661 et
1291 621 1436 663 Stirie.
1494 621 1724 661 Vniuersis
1757 621 2029 673 presentibus

154 697 197 733 et
228 691 378 733 suturis
411 693 599 744 cupimus
623 703 722 732 esse
756 696 909 746 notum,
943 691 1051 744 quod
1078 691 1175 731 Otto
1209 690 1262 730 de
1287 690 1527 742 Traberch,
1558 691 1842 731 ministerialis
1867 694 2028 744 noster,

154 762 208 802 de
250 766 397 802 nostre
438 762 666 801 voluntatis
707 771 908 815 assensu,
949 772 1026 813 per
1062 773 1223 800 manum
1262 764 1304 799 et
1344 771 1568 799 assensum
1605 760 1796 814 Hem-ici,
1839 759 1909 800 filii
1949 761 2028 814 sui,

154 843 230 883 pro
264 831 447 871 remedio
482 832 617 870 anime
651 841 728 869 sue
762 834 804 870 et
837 830 1090 869 dominorum
1117 840 1284 868 suorum
1317 829 1577 880 omniumque
1611 833 1828 880 parentum
1861 841 2029 869 suorum

153 901 291 940 salute
333 901 423 939 iura
465 903 712 950 patronatus
756 902 797 938 et
838 899 1030 950 quicquid
1074 899 1176 937 iuris
1217 897 1361 937 habuit
1403 898 1443 937 in
1484 897 1680 937 ecclesiis
1719 898 2029 952 XValgerstein

155 969 440 1022 Patauiensis,
475 972 516 1007 et
542 968 774 1022 Erdpurge
809 968 1100 1008 olomucensis
1127 967 1369 1020 diocesium,
1401 967 1535 1006 libere
1567 970 1610 1006 et
1643 967 1834 1007 absolute
1861 968 2031 1007 tradidit

154 1038 348 1090 hospitali
393 1041 435 1077 et
467 1036 666 1077 fratribus
708 1038 848 1076 sancti
881 1037 1091 1077 Johannis
1132 1037 1222 1076 inre
1257 1039 1460 1088 perpetuo
1504 1036 1777 1090 possidenda,
1822 1049 1904 1077 vna
1938 1048 2029 1076 cnm

155 1108 368 1148 Vniuersis
402 1106 573 1146 decimis
603 1107 910 1158 campestribus
945 1112 987 1146 et
1012 1107 1252 1145 domesticis
1285 1104 1469 1160 frugum,
1497 1106 1699 1160 siliginis,
1733 1107 1872 1159 tritici,
1898 1106 2029 1161 ordei,

155 1188 308 1231 auene,
347 1177 513 1229 canapi,
558 1177 776 1230 papaueri,
818 1177 947 1230 croci,
996 1188 1208 1229 raparum,
1248 1176 1333 1228 lini,
1382 1175 1522 1230 lentis,
1563 1175 1739 1215 caulium
1780 1180 1822 1216 et
1855 1177 2030 1215 omnium

155 1258 212 1287 ex
243 1250 360 1286 terra
393 1246 730 1300 germinantium,
765 1247 939 1297 insuper
971 1246 1261 1299 poi-collorum,
1295 1256 1506 1299 anserum,
1546 1249 1726 1299 anatum,
1760 1245 2030 1300 gallinarum,

155 1326 340 1369 ouorum,
380 1315 526 1369 mellis,
566 1315 847 1370 agnellorum,
888 1315 1106 1355 vitulorum
1148 1319 1189 1354 et
1231 1312 1758 1366 oilinium'domesticoi·um
1798 1315 2031 1369 brutorum3

159 1396 240 1438 que
273 1386 422 1440 omnia,
463 1386 572 1424 sicut
605 1396 685 1424 nos
720 1385 779 1425 de
812 1383 923 1424 facto
966 1397 991 1424 a
1024 1385 1182 1424 nostris
1224 1384 1376 1424 ibidem
1402 1375 1573 1441 colonis
1604 1385 1855 1439 recepimus,
1889 1385 1945 1424 ita
1978 1384 2031 1424 de

153 1455 245 1494 iure
279 1454 417 1493 diuino
461 1458 503 1493 et
535 1455 756 1508 canonico,
796 1458 992 1506 tanquam
1027 1455 1214 1494 dominus
1256 1453 1511 1508 temporalis,
1547 1455 1615 1505 qui
1657 1453 1841 1494 decimas
1875 1454 1942 1493 dei
1977 1453 2030 1493 de

154 1524 245 1563 iure
280 1523 503 1574 possidere
527 1524 686 1578 nequit,
720 1524 842 1563 dictis
867 1522 1066 1563 fratribus
1100 1524 1290 1575 plebanis
1324 1524 1364 1562 in
1388 1523 1697 1577 XValgerstein
1724 1528 1766 1563 et
1795 1523 2031 1577 Erdpurga

155 1592 399 1632 tradidimus
434 1593 705 1646 possidenda,
732 1593 990 1647 recipienda,
1020 1597 1062 1632 et
1096 1593 1134 1631 in
1160 1605 1277 1632 suum
1309 1604 1427 1632 usum
1454 1593 1754 1632 conuertenda.
1803 1592 1864 1632 vt
1896 1593 2029 1646 igitur

157 1661 238 1701 hec
272 1661 452 1715 (lunatio,
494 1673 634 1701 coram
668 1663 790 1702 nobis
830 1663 872 1701 in
905 1666 1134 1713 conspectu
1177 1673 1396 1713 procerum
1435 1666 1672 1702 nostrorum
1712 1661 2031 1702 racionabiliter

160 1728 289 1784 sacta,
309 1735 402 1770 rata
428 1735 685 1785 permaneat,
711 1735 950 1782 presentem
973 1731 1150 1770 litteram
1167 1731 1311 1786 sigillo
1337 1735 1481 1771 nostro
1507 1731 1762 1785 appendenti
1790 1731 2029 1771 roboratam

156 1801 392 1839 memoratis
434 1798 634 1839 fratribus
674 1801 867 1852 plebanis
907 1801 1163 1840 tradidimus.
1227 1802 1378 1840 Actum
1427 1812 1536 1840 noue
1578 1798 1773 1841 Ciuitatis
1812 1800 1890 1840 lv.
1930 1799 2030 1839 Idus

156 1869 273 1909 Maii.
306 1869 432 1909 Anno
467 1870 771 1910 incarnationis
806 1870 1010 1910 dominice
1046 1868 1365 1911 MCCXxvll.
1398 1870 1633 1910 Indictione
1668 1870 1768 1910 XV.

469 1969 499 2001 E
528 1971 625 2011 copia
654 1971 685 2001 in
715 1980 829 2002 museo
857 1970 1045 2003 Moravico.
1075 1989 1118 1994 —-
1147 1969 1363 2012 Originale
1394 1969 1492 2002 adest
1520 1971 1552 2002 in
1579 1969 1718 2002 archivo
1747 1969 2028 2002 Melitensium

572 2022 748 2064 Pragae.

963 2171 1232 2214 Clixxvu.

158 2275 332 2327 Koyala
373 2274 425 2314 de
463 2273 760 2328 Hah-zvjnmost
796 2276 992 2330 (Bria),
1022 2276 1139 2329 filius
1179 2273 1379 2327 Hrabsse,
1411 2277 1717 2316 monasterium
1750 2274 2033 2317 Zderazense

157 2346 252 2383 aitte
290 2345 500 2396 Praqam,
540 2344 652 2396 quod
691 2357 785 2385 cum
820 2346 960 2398 fratre
998 2357 1076 2385 suo
1117 2340 1292 2384 11ἰέοὀον
1329 2344 1600 2397 fundaverat,
1644 2345 1759 2386 dolat
1785 2347 2028 2398 possessio-

321 2412 445 2452 nibus
478 2414 522 2453 in
553 2413 733 2453 Boenasa
766 2417 805 2454 et
834 2416 1046 2454 Morsu-ia.
1111 2415 1184 2454 Dt.
1218 2414 1299 2454 XI.
1333 2415 1436 2454 Kal.
1470 2415 1665 2467 Auquste',
1706 2415 1858 2456 1227.

287 2483 489 2545 Nouerit
529 2503 797 2554 presencium
838 2504 1109 2558 uniuersitas,
1157 2508 1199 2543 et
1237 2506 1466 2555 posteritas
1505 2503 1748 2559 futurorum,
1788 2505 1898 2558 quod
1939 2516 2027 2559 ego

160 2570 308 2613 Ooiata
348 2571 401 2612 de
440 2570 716 2613 Gnevtnmost
749 2572 866 2625 filius
906 2571 1124 2624 ambisse,
1165 2573 1443 2614 considerans
1483 2575 1696 2615 carnalem
1736 2575 1829 2614 mihi
1871 2575 2028 2626 prolem
