<?xml version="1.0" encoding="UTF-8"?>
<!DOCTYPE html PUBLIC "-//W3C//DTD XHTML 1.0 Transitional//EN"
    "http://www.w3.org/TR/xhtml1/DTD/xhtml1-transitional.dtd">
<html xmlns="http://www.w3.org/1999/xhtml" xml:lang="en" lang="en">
 <head>
  <title>
</title>
<meta http-equiv="Content-Type" content="text/html;charset=utf-8" />
  <meta name='ocr-system' content='tesseract 3.04.00' />
  <meta name='ocr-capabilities' content='ocr_page ocr_carea ocr_par ocr_line ocrx_word'/>
</head>
<body>
  <div class='ocr_page' id='page_1' title='image "./codexdiplomaticu02morauoft_0200.png"; bbox 0 0 2212 2876; ppageno 0'>
   <div class='ocr_carea' id='block_1_1' title="bbox 1081 111 1180 151">
    <p class='ocr_par' dir='ltr' id='par_1_1' title="bbox 1081 111 1180 151">
     <span class='ocr_line' id='line_1_1' title="bbox 1081 111 1180 151; baseline 0.01 -1"><span class='ocrx_word' id='word_1_1' title='bbox 1081 111 1180 151; x_wconf 82' lang='lat'>190</span> 
     </span>
    </p>
   </div>
   <div class='ocr_carea' id='block_1_2' title="bbox 187 252 2064 2587">
    <p class='ocr_par' dir='ltr' id='par_1_2' title="bbox 187 252 2064 2587">
     <span class='ocr_line' id='line_1_2' title="bbox 192 252 2064 309; baseline 0.001 -15"><span class='ocrx_word' id='word_1_2' title='bbox 192 255 450 294; x_wconf 84' lang='lat' dir='ltr'>venerabilis</span> <span class='ocrx_word' id='word_1_3' title='bbox 483 255 615 306; x_wconf 86' lang='lat' dir='ltr'>patris</span> <span class='ocrx_word' id='word_1_4' title='bbox 648 254 781 293; x_wconf 78' lang='lat' dir='ltr'>nostri</span> <span class='ocrx_word' id='word_1_5' title='bbox 813 252 991 293; x_wconf 90' lang='lat' dir='ltr'>Roberti</span> <span class='ocrx_word' id='word_1_6' title='bbox 1025 252 1317 294; x_wconf 80' lang='lat' dir='ltr'>olomucensis</span> <span class='ocrx_word' id='word_1_7' title='bbox 1358 254 1561 305; x_wconf 79' lang='lat' dir='ltr'>episcopi.</span> <span class='ocrx_word' id='word_1_8' title='bbox 1594 256 1637 294; x_wconf 90' lang='lat' dir='ltr'>in</span> <span class='ocrx_word' id='word_1_9' title='bbox 1668 266 1809 309; x_wconf 80' lang='lat' dir='ltr'>regno</span> <span class='ocrx_word' id='word_1_10' title='bbox 1843 258 1986 295; x_wconf 89' lang='lat' dir='ltr'>nostro</span> <span class='ocrx_word' id='word_1_11' title='bbox 2022 258 2064 295; x_wconf 87' lang='lat' dir='ltr'>et</span> 
     </span>
     <span class='ocr_line' id='line_1_3' title="bbox 191 323 2062 376; baseline 0 -12"><span class='ocrx_word' id='word_1_12' title='bbox 191 327 437 376; x_wconf 86' lang='lat' dir='ltr'>episcopatu</span> <span class='ocrx_word' id='word_1_13' title='bbox 478 325 568 363; x_wconf 82' lang='lat' dir='ltr'>eius</span> <span class='ocrx_word' id='word_1_14' title='bbox 613 326 909 362; x_wconf 85' lang='lat' dir='ltr'>constructum.</span> <span class='ocrx_word' id='word_1_15' title='bbox 944 325 986 362; x_wconf 86' lang='lat' dir='ltr'>et</span> <span class='ocrx_word' id='word_1_16' title='bbox 1027 323 1068 362; x_wconf 91' lang='lat' dir='ltr'>in</span> <span class='ocrx_word' id='word_1_17' title='bbox 1101 323 1333 362; x_wconf 83' lang='lat' dir='ltr'>brunnensi</span> <span class='ocrx_word' id='word_1_18' title='bbox 1375 323 1593 374; x_wconf 86' lang='lat' dir='ltr'>prouincia</span> <span class='ocrx_word' id='word_1_19' title='bbox 1633 325 1911 364; x_wconf 86' lang='lat' dir='ltr'>constitutum.</span> <span class='ocrx_word' id='word_1_20' title='bbox 1952 324 2062 376; x_wconf 88' lang='lat' dir='ltr'>quod</span> 
     </span>
     <span class='ocr_line' id='line_1_4' title="bbox 192 377 2064 447; baseline -0.001 -14"><span class='ocrx_word' id='word_1_21' title='bbox 192 394 398 433; x_wconf 76' lang='lat' dir='ltr'>OzImrcm</span> <span class='ocrx_word' id='word_1_22' title='bbox 424 394 557 447; x_wconf 89' lang='lat' dir='ltr'>vulgo</span> <span class='ocrx_word' id='word_1_23' title='bbox 584 396 772 431; x_wconf 90' lang='lat' dir='ltr'>uocatur.</span> <span class='ocrx_word' id='word_1_24' title='bbox 797 393 916 431; x_wconf 89' lang='lat' dir='ltr'>cuius</span> <span class='ocrx_word' id='word_1_25' title='bbox 946 403 1096 430; x_wconf 89' lang='lat' dir='ltr'>nomen</span> <span class='ocrx_word' id='word_1_26' title='bbox 1128 377 1258 443; x_wconf 84' lang='lat' dir='ltr'>ipsius</span> <span class='ocrx_word' id='word_1_27' title='bbox 1289 392 1533 431; x_wconf 87' lang='lat' dir='ltr'>immutatum</span> <span class='ocrx_word' id='word_1_28' title='bbox 1562 395 1627 434; x_wconf 89' lang='lat' dir='ltr'>est</span> <span class='ocrx_word' id='word_1_29' title='bbox 1660 392 1701 430; x_wconf 92' lang='lat' dir='ltr'>in</span> <span class='ocrx_word' id='word_1_30' title='bbox 1733 392 1892 432; x_wconf 78' lang='lat' dir='ltr'><em>Vallem</em></span> <span class='ocrx_word' id='word_1_31' title='bbox 1919 396 2064 433; x_wconf 76' lang='lat' dir='ltr'>sancte</span> 
     </span>
     <span class='ocr_line' id='line_1_5' title="bbox 189 461 2062 513; baseline 0.001 -12"><span class='ocrx_word' id='word_1_32' title='bbox 189 463 333 502; x_wconf 66' lang='lat' dir='ltr'>Marte</span> <span class='ocrx_word' id='word_1_33' title='bbox 370 463 621 501; x_wconf 84' lang='lat' dir='ltr'>auctoritate</span> <span class='ocrx_word' id='word_1_34' title='bbox 669 461 930 500; x_wconf 88' lang='lat' dir='ltr'>venerabilis</span> <span class='ocrx_word' id='word_1_35' title='bbox 971 462 1103 512; x_wconf 87' lang='lat' dir='ltr'>patris</span> <span class='ocrx_word' id='word_1_36' title='bbox 1146 462 1277 500; x_wconf 86' lang='lat' dir='ltr'>nostri</span> <span class='ocrx_word' id='word_1_37' title='bbox 1320 461 1499 501; x_wconf 88' lang='lat' dir='ltr'>Roberti</span> <span class='ocrx_word' id='word_1_38' title='bbox 1542 461 1832 501; x_wconf 87' lang='lat' dir='ltr'>Olomucensis</span> <span class='ocrx_word' id='word_1_39' title='bbox 1873 463 2062 513; x_wconf 84' lang='lat' dir='ltr'>episcopi</span> 
     </span>
     <span class='ocr_line' id='line_1_6' title="bbox 190 528 2062 582; baseline 0 -12"><span class='ocrx_word' id='word_1_40' title='bbox 190 531 242 570; x_wconf 89' lang='lat' dir='ltr'>ad</span> <span class='ocrx_word' id='word_1_41' title='bbox 268 532 517 582; x_wconf 80' lang='lat' dir='ltr'>peticionem</span> <span class='ocrx_word' id='word_1_42' title='bbox 544 528 707 581; x_wconf 88' lang='lat' dir='ltr'>prefate</span> <span class='ocrx_word' id='word_1_43' title='bbox 732 534 933 569; x_wconf 87' lang='lat' dir='ltr'>matrone.</span> <span class='ocrx_word' id='word_1_44' title='bbox 960 534 1002 569; x_wconf 91' lang='lat' dir='ltr'>et</span> <span class='ocrx_word' id='word_1_45' title='bbox 1027 530 1283 581; x_wconf 87' lang='lat' dir='ltr'>quorundam</span> <span class='ocrx_word' id='word_1_46' title='bbox 1310 531 1511 570; x_wconf 87' lang='lat' dir='ltr'>baronum</span> <span class='ocrx_word' id='word_1_47' title='bbox 1536 534 1784 570; x_wconf 88' lang='lat' dir='ltr'>nostrorum.</span> <span class='ocrx_word' id='word_1_48' title='bbox 1810 532 1851 569; x_wconf 89' lang='lat' dir='ltr'>in</span> <span class='ocrx_word' id='word_1_49' title='bbox 1877 535 2062 570; x_wconf 80' lang='lat' dir='ltr'>nostram</span> 
     </span>
     <span class='ocr_line' id='line_1_7' title="bbox 188 599 2063 651; baseline 0.001 -12"><span class='ocrx_word' id='word_1_50' title='bbox 188 600 355 639; x_wconf 84' lang='lat' dir='ltr'>tutelam</span> <span class='ocrx_word' id='word_1_51' title='bbox 396 604 437 639; x_wconf 90' lang='lat' dir='ltr'>et</span> <span class='ocrx_word' id='word_1_52' title='bbox 479 599 780 650; x_wconf 86' lang='lat' dir='ltr'>protectionem</span> <span class='ocrx_word' id='word_1_53' title='bbox 823 600 932 638; x_wconf 89' lang='lat' dir='ltr'>sicut</span> <span class='ocrx_word' id='word_1_54' title='bbox 964 599 1108 639; x_wconf 87' lang='lat' dir='ltr'>merito</span> <span class='ocrx_word' id='word_1_55' title='bbox 1151 600 1351 639; x_wconf 90' lang='lat' dir='ltr'>debemus</span> <span class='ocrx_word' id='word_1_56' title='bbox 1385 601 1621 651; x_wconf 80' lang='lat' dir='ltr'>recepisse.</span> <span class='ocrx_word' id='word_1_57' title='bbox 1661 611 1751 638; x_wconf 87' lang='lat' dir='ltr'>cum</span> <span class='ocrx_word' id='word_1_58' title='bbox 1785 600 1973 639; x_wconf 89' lang='lat' dir='ltr'>omnibus</span> <span class='ocrx_word' id='word_1_59' title='bbox 2006 601 2063 640; x_wconf 88' lang='lat' dir='ltr'>ibi</span> 
     </span>
     <span class='ocr_line' id='line_1_8' title="bbox 188 668 2063 721; baseline 0.001 -14"><span class='ocrx_word' id='word_1_60' title='bbox 188 668 555 708; x_wconf 88' lang='lat' dir='ltr'>commanentibus.</span> <span class='ocrx_word' id='word_1_61' title='bbox 604 668 805 707; x_wconf 86' lang='lat' dir='ltr'>videlicet</span> <span class='ocrx_word' id='word_1_62' title='bbox 859 669 1244 708; x_wconf 87' lang='lat' dir='ltr'>sanctimonialibus</span> <span class='ocrx_word' id='word_1_63' title='bbox 1294 673 1335 708; x_wconf 91' lang='lat' dir='ltr'>et</span> <span class='ocrx_word' id='word_1_64' title='bbox 1382 680 1524 708; x_wconf 85' lang='lat' dir='ltr'>earum</span> <span class='ocrx_word' id='word_1_65' title='bbox 1572 670 1784 709; x_wconf 77' lang='lat' dir='ltr'>ministris.</span> <span class='ocrx_word' id='word_1_66' title='bbox 1834 680 2063 721; x_wconf 87' lang='lat' dir='ltr'>earumque</span> 
     </span>
     <span class='ocr_line' id='line_1_9' title="bbox 191 737 2063 790; baseline 0.001 -14"><span class='ocrx_word' id='word_1_67' title='bbox 191 738 346 788; x_wconf 88' lang='lat' dir='ltr'>prediis</span> <span class='ocrx_word' id='word_1_68' title='bbox 381 741 423 776; x_wconf 90' lang='lat' dir='ltr'>et</span> <span class='ocrx_word' id='word_1_69' title='bbox 455 737 814 788; x_wconf 85' lang='lat' dir='ltr'>possessionibus.</span> <span class='ocrx_word' id='word_1_70' title='bbox 848 738 939 776; x_wconf 91' lang='lat' dir='ltr'>siue</span> <span class='ocrx_word' id='word_1_71' title='bbox 973 738 1191 789; x_wconf 80' lang='lat' dir='ltr'>acquisitis</span> <span class='ocrx_word' id='word_1_72' title='bbox 1225 739 1317 777; x_wconf 92' lang='lat' dir='ltr'>siue</span> <span class='ocrx_word' id='word_1_73' title='bbox 1351 738 1636 790; x_wconf 77' lang='lat' dir='ltr'>acquirendis.</span> <span class='ocrx_word' id='word_1_74' title='bbox 1696 737 1775 778; x_wconf 85' lang='lat' dir='ltr'>Cui</span> <span class='ocrx_word' id='word_1_75' title='bbox 1808 739 2063 778; x_wconf 88' lang='lat' dir='ltr'>monasterio</span> 
     </span>
     <span class='ocr_line' id='line_1_10' title="bbox 188 806 2063 861; baseline 0.001 -16"><span class='ocrx_word' id='word_1_76' title='bbox 188 807 365 846; x_wconf 89' lang='lat' dir='ltr'>eandem</span> <span class='ocrx_word' id='word_1_77' title='bbox 399 807 587 846; x_wconf 82' lang='lat' dir='ltr'>dedimus</span> <span class='ocrx_word' id='word_1_78' title='bbox 619 807 855 846; x_wconf 85' lang='lat' dir='ltr'>libertatem</span> <span class='ocrx_word' id='word_1_79' title='bbox 898 818 1018 858; x_wconf 88' lang='lat' dir='ltr'>quam</span> <span class='ocrx_word' id='word_1_80' title='bbox 1052 807 1239 846; x_wconf 86' lang='lat' dir='ltr'>dedimus</span> <span class='ocrx_word' id='word_1_81' title='bbox 1279 807 1602 861; x_wconf 68' lang='lat' dir='ltr'>uselgradensi</span> <span class='ocrx_word' id='word_1_82' title='bbox 1638 808 1828 846; x_wconf 89' lang='lat' dir='ltr'>cenobio.</span> <span class='ocrx_word' id='word_1_83' title='bbox 1893 806 2063 848; x_wconf 90' lang='lat' dir='ltr'>Cister-</span> 
     </span>
     <span class='ocr_line' id='line_1_11' title="bbox 188 875 2063 930; baseline 0.001 -16"><span class='ocrx_word' id='word_1_84' title='bbox 188 876 346 915; x_wconf 90' lang='lat' dir='ltr'>ciensis</span> <span class='ocrx_word' id='word_1_85' title='bbox 373 876 544 915; x_wconf 77' lang='lat' dir='ltr'>ordinis.</span> <span class='ocrx_word' id='word_1_86' title='bbox 575 888 599 916; x_wconf 90' lang='lat' dir='ltr'>a</span> <span class='ocrx_word' id='word_1_87' title='bbox 624 880 769 915; x_wconf 89' lang='lat' dir='ltr'>nostra</span> <span class='ocrx_word' id='word_1_88' title='bbox 795 876 1063 930; x_wconf 80' lang='lat' dir='ltr'>benignitate</span> <span class='ocrx_word' id='word_1_89' title='bbox 1088 880 1130 915; x_wconf 92' lang='lat' dir='ltr'>et</span> <span class='ocrx_word' id='word_1_90' title='bbox 1157 877 1298 915; x_wconf 88' lang='lat' dir='ltr'>inclite</span> <span class='ocrx_word' id='word_1_91' title='bbox 1323 878 1518 916; x_wconf 84' lang='lat' dir='ltr'>memorie</span> <span class='ocrx_word' id='word_1_92' title='bbox 1544 875 1685 915; x_wconf 88' lang='lat' dir='ltr'>fratris</span> <span class='ocrx_word' id='word_1_93' title='bbox 1720 878 1852 916; x_wconf 85' lang='lat' dir='ltr'>nostri</span> <span class='ocrx_word' id='word_1_94' title='bbox 1884 877 2063 916; x_wconf 61' lang='lat' dir='ltr'>urladj„</span> 
     </span>
     <span class='ocr_line' id='line_1_12' title="bbox 188 944 2060 997; baseline 0.001 -14"><span class='ocrx_word' id='word_1_95' title='bbox 188 946 284 995; x_wconf 85' lang='lat' dir='ltr'>zlay</span> <span class='ocrx_word' id='word_1_96' title='bbox 313 945 519 996; x_wconf 86' lang='lat' dir='ltr'>quondam</span> <span class='ocrx_word' id='word_1_97' title='bbox 546 945 798 984; x_wconf 85' lang='lat' dir='ltr'>marchionis</span> <span class='ocrx_word' id='word_1_98' title='bbox 826 946 1011 984; x_wconf 87' lang='lat' dir='ltr'>morauie</span> <span class='ocrx_word' id='word_1_99' title='bbox 1036 946 1224 996; x_wconf 89' lang='lat' dir='ltr'>inpensis</span> <span class='ocrx_word' id='word_1_100' title='bbox 1244 949 1286 985; x_wconf 91' lang='lat' dir='ltr'>et</span> <span class='ocrx_word' id='word_1_101' title='bbox 1311 947 1516 997; x_wconf 85' lang='lat' dir='ltr'>expensis</span> <span class='ocrx_word' id='word_1_102' title='bbox 1544 944 1716 985; x_wconf 82' lang='lat' dir='ltr'>fundato</span> <span class='ocrx_word' id='word_1_103' title='bbox 1743 950 1784 984; x_wconf 90' lang='lat' dir='ltr'>et</span> <span class='ocrx_word' id='word_1_104' title='bbox 1804 949 2060 985; x_wconf 84' lang='lat' dir='ltr'>constructo.</span> 
     </span>
     <span class='ocr_line' id='line_1_13' title="bbox 188 1013 2063 1066; baseline 0.001 -14"><span class='ocrx_word' id='word_1_105' title='bbox 188 1014 390 1053; x_wconf 81' lang='lat' dir='ltr'>Libertas</span> <span class='ocrx_word' id='word_1_106' title='bbox 425 1018 561 1053; x_wconf 86' lang='lat' dir='ltr'>autem</span> <span class='ocrx_word' id='word_1_107' title='bbox 594 1014 675 1054; x_wconf 89' lang='lat' dir='ltr'>hec</span> <span class='ocrx_word' id='word_1_108' title='bbox 710 1017 776 1053; x_wconf 88' lang='lat' dir='ltr'>est</span> <span class='ocrx_word' id='word_1_109' title='bbox 809 1025 929 1066; x_wconf 87' lang='lat' dir='ltr'>quam</span> <span class='ocrx_word' id='word_1_110' title='bbox 963 1027 988 1053; x_wconf 91' lang='lat' dir='ltr'>a</span> <span class='ocrx_word' id='word_1_111' title='bbox 1021 1015 1178 1065; x_wconf 84' lang='lat' dir='ltr'>pietate</span> <span class='ocrx_word' id='word_1_112' title='bbox 1212 1019 1358 1054; x_wconf 88' lang='lat' dir='ltr'>nostra</span> <span class='ocrx_word' id='word_1_113' title='bbox 1391 1016 1608 1054; x_wconf 83' lang='lat' dir='ltr'>statuimus</span> <span class='ocrx_word' id='word_1_114' title='bbox 1644 1018 1686 1053; x_wconf 88' lang='lat' dir='ltr'>et</span> <span class='ocrx_word' id='word_1_115' title='bbox 1718 1015 1955 1054; x_wconf 82' lang='lat' dir='ltr'>sanccimus</span> <span class='ocrx_word' id='word_1_116' title='bbox 1990 1013 2063 1054; x_wconf 87' lang='lat' dir='ltr'>fir-</span> 
     </span>
     <span class='ocr_line' id='line_1_14' title="bbox 187 1083 2063 1135; baseline 0.001 -14"><span class='ocrx_word' id='word_1_117' title='bbox 187 1083 307 1122; x_wconf 85' lang='lat' dir='ltr'>miter</span> <span class='ocrx_word' id='word_1_118' title='bbox 349 1083 585 1122; x_wconf 87' lang='lat' dir='ltr'>obseruari.</span> <span class='ocrx_word' id='word_1_119' title='bbox 625 1083 790 1123; x_wconf 89' lang='lat' dir='ltr'>scilicet</span> <span class='ocrx_word' id='word_1_120' title='bbox 832 1095 976 1123; x_wconf 86' lang='lat' dir='ltr'>omnes</span> <span class='ocrx_word' id='word_1_121' title='bbox 1017 1084 1141 1122; x_wconf 86' lang='lat' dir='ltr'>villas</span> <span class='ocrx_word' id='word_1_122' title='bbox 1189 1088 1231 1123; x_wconf 91' lang='lat' dir='ltr'>et</span> <span class='ocrx_word' id='word_1_123' title='bbox 1274 1085 1573 1134; x_wconf 86' lang='lat' dir='ltr'>possessiones</span> <span class='ocrx_word' id='word_1_124' title='bbox 1621 1094 1726 1135; x_wconf 86' lang='lat' dir='ltr'>quas</span> <span class='ocrx_word' id='word_1_125' title='bbox 1768 1085 1953 1123; x_wconf 89' lang='lat' dir='ltr'>ecclesia</span> <span class='ocrx_word' id='word_1_126' title='bbox 1993 1084 2063 1124; x_wconf 87' lang='lat' dir='ltr'>illa</span> 
     </span>
     <span class='ocr_line' id='line_1_15' title="bbox 187 1151 2062 1207; baseline 0.001 -17"><span class='ocrx_word' id='word_1_127' title='bbox 187 1151 379 1202; x_wconf 88' lang='lat' dir='ltr'>possidet</span> <span class='ocrx_word' id='word_1_128' title='bbox 419 1153 487 1191; x_wconf 87' lang='lat' dir='ltr'>uel</span> <span class='ocrx_word' id='word_1_129' title='bbox 530 1164 789 1203; x_wconf 85' lang='lat' dir='ltr'>possessura</span> <span class='ocrx_word' id='word_1_130' title='bbox 834 1156 900 1191; x_wconf 92' lang='lat' dir='ltr'>est</span> <span class='ocrx_word' id='word_1_131' title='bbox 941 1152 1180 1204; x_wconf 84' lang='lat' dir='ltr'>ubicunque</span> <span class='ocrx_word' id='word_1_132' title='bbox 1224 1154 1304 1191; x_wconf 89' lang='lat' dir='ltr'>site</span> <span class='ocrx_word' id='word_1_133' title='bbox 1339 1154 1495 1192; x_wconf 88' lang='lat' dir='ltr'>sintin</span> <span class='ocrx_word' id='word_1_134' title='bbox 1537 1164 1675 1207; x_wconf 89' lang='lat' dir='ltr'>regno</span> <span class='ocrx_word' id='word_1_135' title='bbox 1717 1157 1861 1192; x_wconf 87' lang='lat' dir='ltr'>nostro</span> <span class='ocrx_word' id='word_1_136' title='bbox 1895 1154 1987 1193; x_wconf 89' lang='lat' dir='ltr'>siue</span> <span class='ocrx_word' id='word_1_137' title='bbox 2022 1155 2062 1193; x_wconf 88' lang='lat' dir='ltr'>in</span> 
     </span>
     <span class='ocr_line' id='line_1_16' title="bbox 187 1220 2062 1276; baseline 0.002 -18"><span class='ocrx_word' id='word_1_138' title='bbox 187 1220 361 1259; x_wconf 88' lang='lat' dir='ltr'>Boemia</span> <span class='ocrx_word' id='word_1_139' title='bbox 394 1221 486 1259; x_wconf 89' lang='lat' dir='ltr'>siue</span> <span class='ocrx_word' id='word_1_140' title='bbox 512 1222 551 1259; x_wconf 90' lang='lat' dir='ltr'>in</span> <span class='ocrx_word' id='word_1_141' title='bbox 576 1221 786 1261; x_wconf 83' lang='lat' dir='ltr'>Morauia.</span> <span class='ocrx_word' id='word_1_142' title='bbox 813 1221 865 1260; x_wconf 91' lang='lat' dir='ltr'>ab</span> <span class='ocrx_word' id='word_1_143' title='bbox 900 1222 1007 1260; x_wconf 90' lang='lat' dir='ltr'>omni</span> <span class='ocrx_word' id='word_1_144' title='bbox 1033 1232 1164 1260; x_wconf 91' lang='lat' dir='ltr'>onere</span> <span class='ocrx_word' id='word_1_145' title='bbox 1196 1222 1453 1261; x_wconf 86' lang='lat' dir='ltr'>tributorum.</span> <span class='ocrx_word' id='word_1_146' title='bbox 1482 1223 1769 1276; x_wconf 88' lang='lat' dir='ltr'>vectigalium.</span> <span class='ocrx_word' id='word_1_147' title='bbox 1793 1223 2062 1262; x_wconf 85' lang='lat' dir='ltr'>collectarum</span> 
     </span>
     <span class='ocr_line' id='line_1_17' title="bbox 188 1289 2063 1342; baseline 0.001 -14"><span class='ocrx_word' id='word_1_148' title='bbox 188 1289 446 1341; x_wconf 88' lang='lat' dir='ltr'>aliarumque</span> <span class='ocrx_word' id='word_1_149' title='bbox 473 1290 752 1329; x_wconf 78' lang='lat' dir='ltr'>exactionum.</span> <span class='ocrx_word' id='word_1_150' title='bbox 785 1290 877 1329; x_wconf 88' lang='lat' dir='ltr'>siue</span> <span class='ocrx_word' id='word_1_151' title='bbox 911 1291 953 1329; x_wconf 93' lang='lat' dir='ltr'>in</span> <span class='ocrx_word' id='word_1_152' title='bbox 978 1290 1290 1342; x_wconf 85' lang='lat' dir='ltr'>quatuordecim</span> <span class='ocrx_word' id='word_1_153' title='bbox 1325 1291 1379 1330; x_wconf 87' lang='lat' dir='ltr'>ad</span> <span class='ocrx_word' id='word_1_154' title='bbox 1405 1292 1632 1342; x_wconf 83' lang='lat' dir='ltr'>principem</span> <span class='ocrx_word' id='word_1_155' title='bbox 1665 1292 1732 1330; x_wconf 91' lang='lat' dir='ltr'>uel</span> <span class='ocrx_word' id='word_1_156' title='bbox 1766 1289 2063 1331; x_wconf 85' lang='lat' dir='ltr'>beneficiarios</span> 
     </span>
     <span class='ocr_line' id='line_1_18' title="bbox 188 1358 2062 1411; baseline 0.002 -15"><span class='ocrx_word' id='word_1_157' title='bbox 188 1358 478 1409; x_wconf 84' lang='lat' dir='ltr'>spectantibus</span> <span class='ocrx_word' id='word_1_158' title='bbox 522 1370 773 1411; x_wconf 86' lang='lat' dir='ltr'>quocunque</span> <span class='ocrx_word' id='word_1_159' title='bbox 819 1359 938 1398; x_wconf 88' lang='lat' dir='ltr'>modo</span> <span class='ocrx_word' id='word_1_160' title='bbox 980 1360 1241 1398; x_wconf 87' lang='lat' dir='ltr'>nominentur</span> <span class='ocrx_word' id='word_1_161' title='bbox 1291 1371 1390 1399; x_wconf 90' lang='lat' dir='ltr'>esse</span> <span class='ocrx_word' id='word_1_162' title='bbox 1433 1361 1665 1400; x_wconf 88' lang='lat' dir='ltr'>absolutas.</span> <span class='ocrx_word' id='word_1_163' title='bbox 1729 1360 1978 1399; x_wconf 85' lang='lat' dir='ltr'>Adicientes</span> <span class='ocrx_word' id='word_1_164' title='bbox 2018 1364 2062 1400; x_wconf 84' lang='lat' dir='ltr'>ut</span> 
     </span>
     <span class='ocr_line' id='line_1_19' title="bbox 187 1427 2062 1479; baseline 0.002 -14"><span class='ocrx_word' id='word_1_165' title='bbox 187 1427 324 1465; x_wconf 88' lang='lat' dir='ltr'>nullus</span> <span class='ocrx_word' id='word_1_166' title='bbox 359 1428 589 1479; x_wconf 76' lang='lat' dir='ltr'>prinicipum</span> <span class='ocrx_word' id='word_1_167' title='bbox 621 1439 918 1467; x_wconf 86' lang='lat' dir='ltr'>successorum</span> <span class='ocrx_word' id='word_1_168' title='bbox 953 1433 1188 1468; x_wconf 87' lang='lat' dir='ltr'>nostrorum</span> <span class='ocrx_word' id='word_1_169' title='bbox 1227 1429 1296 1468; x_wconf 92' lang='lat' dir='ltr'>uel</span> <span class='ocrx_word' id='word_1_170' title='bbox 1329 1429 1527 1468; x_wconf 85' lang='lat' dir='ltr'>baronum</span> <span class='ocrx_word' id='word_1_171' title='bbox 1563 1429 1684 1468; x_wconf 82' lang='lat' dir='ltr'>nobis</span> <span class='ocrx_word' id='word_1_172' title='bbox 1716 1429 1784 1468; x_wconf 86' lang='lat' dir='ltr'>uel</span> <span class='ocrx_word' id='word_1_173' title='bbox 1818 1429 1881 1468; x_wconf 87' lang='lat' dir='ltr'>eis</span> <span class='ocrx_word' id='word_1_174' title='bbox 1914 1430 2062 1469; x_wconf 79' lang='lat' dir='ltr'>subie-</span> 
     </span>
     <span class='ocr_line' id='line_1_20' title="bbox 188 1495 2062 1552; baseline 0.001 -18"><span class='ocrx_word' id='word_1_175' title='bbox 188 1499 359 1535; x_wconf 89' lang='lat' dir='ltr'>ctorum.</span> <span class='ocrx_word' id='word_1_176' title='bbox 403 1508 478 1547; x_wconf 85' lang='lat' dir='ltr'>pro</span> <span class='ocrx_word' id='word_1_177' title='bbox 521 1500 753 1536; x_wconf 90' lang='lat' dir='ltr'>castrorum</span> <span class='ocrx_word' id='word_1_178' title='bbox 798 1495 1063 1537; x_wconf 86' lang='lat' dir='ltr'>edificatione</span> <span class='ocrx_word' id='word_1_179' title='bbox 1103 1498 1173 1537; x_wconf 87' lang='lat' dir='ltr'>uel</span> <span class='ocrx_word' id='word_1_180' title='bbox 1206 1497 1522 1537; x_wconf 84' lang='lat' dir='ltr'>reedificatione</span> <span class='ocrx_word' id='word_1_181' title='bbox 1563 1499 1632 1537; x_wconf 94' lang='lat' dir='ltr'>uel</span> <span class='ocrx_word' id='word_1_182' title='bbox 1665 1498 1804 1550; x_wconf 86' lang='lat' dir='ltr'>aliqua</span> <span class='ocrx_word' id='word_1_183' title='bbox 1844 1499 2062 1552; x_wconf 81' lang='lat' dir='ltr'>ingruenti</span> 
     </span>
     <span class='ocr_line' id='line_1_21' title="bbox 189 1564 2064 1619; baseline 0.002 -16"><span class='ocrx_word' id='word_1_184' title='bbox 189 1565 484 1615; x_wconf 85' lang='lat' dir='ltr'>expedicione.</span> <span class='ocrx_word' id='word_1_185' title='bbox 517 1565 705 1605; x_wconf 86' lang='lat' dir='ltr'>homines</span> <span class='ocrx_word' id='word_1_186' title='bbox 747 1564 900 1617; x_wconf 84' lang='lat' dir='ltr'>prefati</span> <span class='ocrx_word' id='word_1_187' title='bbox 942 1567 1108 1606; x_wconf 85' lang='lat' dir='ltr'>cenobii</span> <span class='ocrx_word' id='word_1_188' title='bbox 1149 1567 1304 1607; x_wconf 83' lang='lat' dir='ltr'>audeat</span> <span class='ocrx_word' id='word_1_189' title='bbox 1343 1568 1591 1619; x_wconf 82' lang='lat' dir='ltr'>inquietare.</span> <span class='ocrx_word' id='word_1_190' title='bbox 1655 1568 1736 1607; x_wconf 84' lang='lat' dir='ltr'>Jus</span> <span class='ocrx_word' id='word_1_191' title='bbox 1777 1570 1912 1606; x_wconf 76' lang='lat' dir='ltr'>autem</span> <span class='ocrx_word' id='word_1_192' title='bbox 1955 1567 2064 1618; x_wconf 86' lang='lat' dir='ltr'>quod</span> 
     </span>
     <span class='ocr_line' id='line_1_22' title="bbox 188 1633 2064 1685; baseline 0.002 -13"><span class='ocrx_word' id='word_1_193' title='bbox 188 1633 311 1673; x_wconf 86' lang='lat' dir='ltr'>datur</span> <span class='ocrx_word' id='word_1_194' title='bbox 343 1646 418 1685; x_wconf 89' lang='lat' dir='ltr'>pro</span> <span class='ocrx_word' id='word_1_195' title='bbox 444 1635 583 1685; x_wconf 88' lang='lat' dir='ltr'>capite</span> <span class='ocrx_word' id='word_1_196' title='bbox 617 1636 679 1674; x_wconf 87' lang='lat' dir='ltr'>eis</span> <span class='ocrx_word' id='word_1_197' title='bbox 704 1635 988 1675; x_wconf 87' lang='lat' dir='ltr'>concedimus.</span> <span class='ocrx_word' id='word_1_198' title='bbox 1021 1637 1101 1676; x_wconf 90' lang='lat' dir='ltr'>hoc</span> <span class='ocrx_word' id='word_1_199' title='bbox 1127 1636 1180 1675; x_wconf 91' lang='lat' dir='ltr'>de</span> <span class='ocrx_word' id='word_1_200' title='bbox 1211 1635 1304 1676; x_wconf 89' lang='lat' dir='ltr'>sure</span> <span class='ocrx_word' id='word_1_201' title='bbox 1331 1640 1567 1676; x_wconf 83' lang='lat' dir='ltr'>statuentes</span> <span class='ocrx_word' id='word_1_202' title='bbox 1600 1637 1636 1676; x_wconf 81' lang='lat' dir='ltr'>si</span> <span class='ocrx_word' id='word_1_203' title='bbox 1662 1638 1703 1676; x_wconf 90' lang='lat' dir='ltr'>in</span> <span class='ocrx_word' id='word_1_204' title='bbox 1736 1648 1878 1676; x_wconf 87' lang='lat' dir='ltr'>eorum</span> <span class='ocrx_word' id='word_1_205' title='bbox 1903 1635 2064 1685; x_wconf 84' lang='lat' dir='ltr'>habitat</span> 
     </span>
     <span class='ocr_line' id='line_1_23' title="bbox 189 1703 2062 1756; baseline 0.002 -15"><span class='ocrx_word' id='word_1_206' title='bbox 189 1704 547 1753; x_wconf 86' lang='lat' dir='ltr'>possessionibus.</span> <span class='ocrx_word' id='word_1_207' title='bbox 602 1707 645 1743; x_wconf 90' lang='lat' dir='ltr'>et</span> <span class='ocrx_word' id='word_1_208' title='bbox 685 1704 979 1755; x_wconf 88' lang='lat' dir='ltr'>deprehensus</span> <span class='ocrx_word' id='word_1_209' title='bbox 1030 1703 1157 1745; x_wconf 93' lang='lat' dir='ltr'>suerit</span> <span class='ocrx_word' id='word_1_210' title='bbox 1195 1707 1237 1745; x_wconf 89' lang='lat' dir='ltr'>in</span> <span class='ocrx_word' id='word_1_211' title='bbox 1283 1704 1392 1745; x_wconf 84' lang='lat' dir='ltr'>furto</span> <span class='ocrx_word' id='word_1_212' title='bbox 1435 1704 1670 1745; x_wconf 85' lang='lat' dir='ltr'>manifesto.</span> <span class='ocrx_word' id='word_1_213' title='bbox 1719 1705 1788 1744; x_wconf 93' lang='lat' dir='ltr'>uel</span> <span class='ocrx_word' id='word_1_214' title='bbox 1831 1705 1883 1745; x_wconf 86' lang='lat' dir='ltr'>de</span> <span class='ocrx_word' id='word_1_215' title='bbox 1923 1705 2062 1756; x_wconf 89' lang='lat' dir='ltr'>aliquo</span> 
     </span>
     <span class='ocr_line' id='line_1_24' title="bbox 190 1773 2062 1826; baseline 0.002 -16"><span class='ocrx_word' id='word_1_216' title='bbox 190 1773 352 1811; x_wconf 88' lang='lat' dir='ltr'>occulto</span> <span class='ocrx_word' id='word_1_217' title='bbox 387 1777 627 1812; x_wconf 84' lang='lat' dir='ltr'>accusetur.</span> <span class='ocrx_word' id='word_1_218' title='bbox 661 1773 860 1813; x_wconf 89' lang='lat' dir='ltr'>videlicet</span> <span class='ocrx_word' id='word_1_219' title='bbox 901 1774 1009 1826; x_wconf 85' lang='lat' dir='ltr'>quod</span> <span class='ocrx_word' id='word_1_220' title='bbox 1044 1774 1098 1813; x_wconf 89' lang='lat' dir='ltr'>ad</span> <span class='ocrx_word' id='word_1_221' title='bbox 1130 1775 1323 1814; x_wconf 90' lang='lat' dir='ltr'>iudicium</span> <span class='ocrx_word' id='word_1_222' title='bbox 1360 1773 1717 1814; x_wconf 75' lang='lat' dir='ltr'>ferri-candentis</span> <span class='ocrx_word' id='word_1_223' title='bbox 1749 1775 1816 1814; x_wconf 91' lang='lat' dir='ltr'>uel</span> <span class='ocrx_word' id='word_1_224' title='bbox 1851 1785 1960 1826; x_wconf 88' lang='lat' dir='ltr'>aque</span> <span class='ocrx_word' id='word_1_225' title='bbox 1992 1774 2062 1813; x_wconf 92' lang='lat' dir='ltr'>uel</span> 
     </span>
     <span class='ocr_line' id='line_1_25' title="bbox 189 1841 2062 1895; baseline 0.001 -15"><span class='ocrx_word' id='word_1_226' title='bbox 189 1852 383 1880; x_wconf 81' lang='lat' dir='ltr'>uomeres</span> <span class='ocrx_word' id='word_1_227' title='bbox 427 1841 656 1881; x_wconf 85' lang='lat' dir='ltr'>calcandos</span> <span class='ocrx_word' id='word_1_228' title='bbox 695 1843 764 1882; x_wconf 93' lang='lat' dir='ltr'>uel</span> <span class='ocrx_word' id='word_1_229' title='bbox 798 1842 922 1882; x_wconf 89' lang='lat' dir='ltr'>duelli</span> <span class='ocrx_word' id='word_1_230' title='bbox 964 1847 1005 1882; x_wconf 94' lang='lat' dir='ltr'>et</span> <span class='ocrx_word' id='word_1_231' title='bbox 1038 1845 1313 1882; x_wconf 86' lang='lat' dir='ltr'>conuincatur</span> <span class='ocrx_word' id='word_1_232' title='bbox 1354 1844 1394 1883; x_wconf 89' lang='lat' dir='ltr'>in</span> <span class='ocrx_word' id='word_1_233' title='bbox 1435 1844 1573 1895; x_wconf 85' lang='lat' dir='ltr'>aliquo</span> <span class='ocrx_word' id='word_1_234' title='bbox 1616 1845 1787 1883; x_wconf 86' lang='lat' dir='ltr'>istorum</span> <span class='ocrx_word' id='word_1_235' title='bbox 1828 1844 1870 1882; x_wconf 89' lang='lat' dir='ltr'>in</span> <span class='ocrx_word' id='word_1_236' title='bbox 1908 1842 2062 1882; x_wconf 90' lang='lat' dir='ltr'>iudicio</span> 
     </span>
     <span class='ocr_line' id='line_1_26' title="bbox 190 1910 2061 1966; baseline 0.001 -18"><span class='ocrx_word' id='word_1_237' title='bbox 190 1910 386 1949; x_wconf 85' lang='lat' dir='ltr'>seculari.</span> <span class='ocrx_word' id='word_1_238' title='bbox 434 1911 567 1949; x_wconf 90' lang='lat' dir='ltr'>eidem</span> <span class='ocrx_word' id='word_1_239' title='bbox 613 1912 870 1951; x_wconf 86' lang='lat' dir='ltr'>monasterio</span> <span class='ocrx_word' id='word_1_240' title='bbox 917 1912 1028 1951; x_wconf 90' lang='lat' dir='ltr'>bona</span> <span class='ocrx_word' id='word_1_241' title='bbox 1077 1910 1182 1952; x_wconf 85' lang='lat' dir='ltr'>suris</span> <span class='ocrx_word' id='word_1_242' title='bbox 1231 1914 1324 1952; x_wconf 88' lang='lat' dir='ltr'>siue</span> <span class='ocrx_word' id='word_1_243' title='bbox 1371 1914 1432 1952; x_wconf 88' lang='lat' dir='ltr'>rei</span> <span class='ocrx_word' id='word_1_244' title='bbox 1482 1913 1752 1966; x_wconf 74' lang='lat' dir='ltr'>integraliter</span> <span class='ocrx_word' id='word_1_245' title='bbox 1802 1916 2061 1951; x_wconf 81' lang='lat' dir='ltr'>remaneant.</span> 
     </span>
     <span class='ocr_line' id='line_1_27' title="bbox 189 1979 2061 2033; baseline 0.002 -16"><span class='ocrx_word' id='word_1_246' title='bbox 189 1979 371 2018; x_wconf 83' lang='lat' dir='ltr'>Jvdices</span> <span class='ocrx_word' id='word_1_247' title='bbox 411 1983 548 2019; x_wconf 88' lang='lat' dir='ltr'>autem</span> <span class='ocrx_word' id='word_1_248' title='bbox 581 1991 751 2031; x_wconf 86' lang='lat' dir='ltr'>quorum</span> <span class='ocrx_word' id='word_1_249' title='bbox 793 1982 983 2020; x_wconf 87' lang='lat' dir='ltr'>interest.</span> <span class='ocrx_word' id='word_1_250' title='bbox 1024 1979 1179 2021; x_wconf 85' lang='lat' dir='ltr'>faciant</span> <span class='ocrx_word' id='word_1_251' title='bbox 1212 1982 1264 2021; x_wconf 88' lang='lat' dir='ltr'>de</span> <span class='ocrx_word' id='word_1_252' title='bbox 1306 1993 1357 2021; x_wconf 93' lang='lat' dir='ltr'>eo</span> <span class='ocrx_word' id='word_1_253' title='bbox 1392 1981 1500 2033; x_wconf 83' lang='lat' dir='ltr'>qnod</span> <span class='ocrx_word' id='word_1_254' title='bbox 1542 1983 1604 2020; x_wconf 85' lang='lat' dir='ltr'>eis</span> <span class='ocrx_word' id='word_1_255' title='bbox 1648 1982 1794 2020; x_wconf 87' lang='lat' dir='ltr'>iustum</span> <span class='ocrx_word' id='word_1_256' title='bbox 1837 1981 2061 2020; x_wconf 85' lang='lat' dir='ltr'>uidebitur.</span> 
     </span>
     <span class='ocr_line' id='line_1_28' title="bbox 194 2047 2062 2101; baseline 0.001 -13"><span class='ocrx_word' id='word_1_257' title='bbox 194 2047 249 2088; x_wconf 39' lang='lat' dir='ltr'>Si*</span> <span class='ocrx_word' id='word_1_258' title='bbox 276 2052 411 2087; x_wconf 85' lang='lat' dir='ltr'>autem</span> <span class='ocrx_word' id='word_1_259' title='bbox 452 2049 640 2089; x_wconf 88' lang='lat' dir='ltr'>homines</span> <span class='ocrx_word' id='word_1_260' title='bbox 675 2050 860 2090; x_wconf 86' lang='lat' dir='ltr'>eiusdem</span> <span class='ocrx_word' id='word_1_261' title='bbox 899 2051 1066 2090; x_wconf 87' lang='lat' dir='ltr'>cenobii</span> <span class='ocrx_word' id='word_1_262' title='bbox 1100 2062 1240 2090; x_wconf 90' lang='lat' dir='ltr'>coram</span> <span class='ocrx_word' id='word_1_263' title='bbox 1280 2051 1487 2090; x_wconf 84' lang='lat' dir='ltr'>iudicibus</span> <span class='ocrx_word' id='word_1_264' title='bbox 1531 2052 1687 2090; x_wconf 73' lang='lat' dir='ltr'>nostris</span> <span class='ocrx_word' id='word_1_265' title='bbox 1728 2050 1960 2101; x_wconf 86' lang='lat' dir='ltr'>culpabiles</span> <span class='ocrx_word' id='word_1_266' title='bbox 1994 2051 2062 2089; x_wconf 91' lang='lat' dir='ltr'>in-</span> 
     </span>
     <span class='ocr_line' id='line_1_29' title="bbox 191 2117 2062 2160; baseline 0.002 -6"><span class='ocrx_word' id='word_1_267' title='bbox 191 2118 425 2156; x_wconf 84' lang='lat' dir='ltr'>ueniantur.</span> <span class='ocrx_word' id='word_1_268' title='bbox 467 2129 547 2157; x_wconf 89' lang='lat' dir='ltr'>nec</span> <span class='ocrx_word' id='word_1_269' title='bbox 587 2120 628 2158; x_wconf 90' lang='lat' dir='ltr'>in</span> <span class='ocrx_word' id='word_1_270' title='bbox 670 2120 791 2158; x_wconf 90' lang='lat' dir='ltr'>nobis</span> <span class='ocrx_word' id='word_1_271' title='bbox 831 2131 911 2159; x_wconf 91' lang='lat' dir='ltr'>nec</span> <span class='ocrx_word' id='word_1_272' title='bbox 951 2120 1157 2160; x_wconf 87' lang='lat' dir='ltr'>iudicibus</span> <span class='ocrx_word' id='word_1_273' title='bbox 1198 2121 1355 2160; x_wconf 86' lang='lat' dir='ltr'>nostris</span> <span class='ocrx_word' id='word_1_274' title='bbox 1403 2121 1631 2159; x_wconf 86' lang='lat' dir='ltr'>curialibus</span> <span class='ocrx_word' id='word_1_275' title='bbox 1671 2120 1739 2160; x_wconf 84' lang='lat' dir='ltr'>uel</span> <span class='ocrx_word' id='word_1_276' title='bbox 1778 2117 2062 2159; x_wconf 81' lang='lat' dir='ltr'>beneficiariis</span> 
     </span>
     <span class='ocr_line' id='line_1_30' title="bbox 190 2185 2063 2240; baseline 0.002 -17"><span class='ocrx_word' id='word_1_277' title='bbox 190 2185 344 2237; x_wconf 86' lang='lat' dir='ltr'>aliquid</span> <span class='ocrx_word' id='word_1_278' title='bbox 379 2187 474 2226; x_wconf 89' lang='lat' dir='ltr'>inde</span> <span class='ocrx_word' id='word_1_279' title='bbox 507 2188 692 2228; x_wconf 89' lang='lat' dir='ltr'>utilitatis</span> <span class='ocrx_word' id='word_1_280' title='bbox 732 2190 966 2239; x_wconf 86' lang='lat' dir='ltr'>proueniat.</span> <span class='ocrx_word' id='word_1_281' title='bbox 1000 2189 1077 2228; x_wconf 91' lang='lat' dir='ltr'>sed</span> <span class='ocrx_word' id='word_1_282' title='bbox 1121 2193 1220 2240; x_wconf 90' lang='lat' dir='ltr'>aput</span> <span class='ocrx_word' id='word_1_283' title='bbox 1253 2189 1358 2228; x_wconf 88' lang='lat' dir='ltr'>idem</span> <span class='ocrx_word' id='word_1_284' title='bbox 1393 2190 1612 2229; x_wconf 91' lang='lat' dir='ltr'>cenobium</span> <span class='ocrx_word' id='word_1_285' title='bbox 1654 2189 1777 2240; x_wconf 89' lang='lat' dir='ltr'>culpe</span> <span class='ocrx_word' id='word_1_286' title='bbox 1810 2191 2063 2240; x_wconf 85' lang='lat' dir='ltr'>perseueret</span> 
     </span>
     <span class='ocr_line' id='line_1_31' title="bbox 191 2253 2064 2310; baseline 0.002 -18"><span class='ocrx_word' id='word_1_287' title='bbox 191 2253 426 2294; x_wconf 86' lang='lat' dir='ltr'>satisfactio</span> <span class='ocrx_word' id='word_1_288' title='bbox 468 2257 547 2295; x_wconf 90' lang='lat' dir='ltr'>nisi</span> <span class='ocrx_word' id='word_1_289' title='bbox 587 2257 628 2296; x_wconf 90' lang='lat' dir='ltr'>in</span> <span class='ocrx_word' id='word_1_290' title='bbox 669 2269 719 2298; x_wconf 89' lang='lat' dir='ltr'>eo</span> <span class='ocrx_word' id='word_1_291' title='bbox 753 2258 794 2297; x_wconf 92' lang='lat' dir='ltr'>in</span> <span class='ocrx_word' id='word_1_292' title='bbox 834 2269 914 2310; x_wconf 93' lang='lat' dir='ltr'>quo</span> <span class='ocrx_word' id='word_1_293' title='bbox 956 2261 1124 2298; x_wconf 87' lang='lat' dir='ltr'>tenetur</span> <span class='ocrx_word' id='word_1_294' title='bbox 1163 2256 1416 2298; x_wconf 84' lang='lat' dir='ltr'>satisfacere</span> <span class='ocrx_word' id='word_1_295' title='bbox 1456 2259 1717 2298; x_wconf 88' lang='lat' dir='ltr'>aduersario.</span> <span class='ocrx_word' id='word_1_296' title='bbox 1782 2256 1979 2298; x_wconf 89' lang='lat' dir='ltr'>Ceterum</span> <span class='ocrx_word' id='word_1_297' title='bbox 2018 2260 2064 2296; x_wconf 89' lang='lat' dir='ltr'>ut</span> 
     </span>
     <span class='ocr_line' id='line_1_32' title="bbox 192 2324 2061 2379; baseline 0.001 -16"><span class='ocrx_word' id='word_1_298' title='bbox 192 2324 327 2363; x_wconf 86' lang='lat' dir='ltr'>omnia</span> <span class='ocrx_word' id='word_1_299' title='bbox 371 2324 560 2364; x_wconf 83' lang='lat' dir='ltr'>breuiter</span> <span class='ocrx_word' id='word_1_300' title='bbox 609 2328 1013 2377; x_wconf 86' lang='lat' dir='ltr'>conprehendamus.</span> <span class='ocrx_word' id='word_1_301' title='bbox 1055 2339 1214 2367; x_wconf 88' lang='lat' dir='ltr'>omnem</span> <span class='ocrx_word' id='word_1_302' title='bbox 1260 2328 1474 2367; x_wconf 87' lang='lat' dir='ltr'>utilitatem</span> <span class='ocrx_word' id='word_1_303' title='bbox 1521 2339 1602 2379; x_wconf 85' lang='lat' dir='ltr'>que</span> <span class='ocrx_word' id='word_1_304' title='bbox 1648 2329 1814 2378; x_wconf 87' lang='lat' dir='ltr'>spectat</span> <span class='ocrx_word' id='word_1_305' title='bbox 1860 2327 1915 2366; x_wconf 87' lang='lat' dir='ltr'>ad</span> <span class='ocrx_word' id='word_1_306' title='bbox 1957 2337 2061 2365; x_wconf 87' lang='lat' dir='ltr'>usus</span> 
     </span>
     <span class='ocr_line' id='line_1_33' title="bbox 191 2384 2060 2437; baseline 0.001 -6"><span class='ocrx_word' id='word_1_307' title='bbox 191 2397 361 2432; x_wconf 82' lang='lat' dir='ltr'>nostros</span> <span class='ocrx_word' id='word_1_308' title='bbox 401 2394 468 2432; x_wconf 88' lang='lat' dir='ltr'>uel</span> <span class='ocrx_word' id='word_1_309' title='bbox 507 2406 804 2436; x_wconf 86' lang='lat' dir='ltr'>successorum</span> <span class='ocrx_word' id='word_1_310' title='bbox 847 2384 1082 2436; x_wconf 86' lang='lat' dir='ltr'>nostrorum</span> <span class='ocrx_word' id='word_1_311' title='bbox 1123 2397 1191 2436; x_wconf 90' lang='lat' dir='ltr'>uel</span> <span class='ocrx_word' id='word_1_312' title='bbox 1234 2395 1530 2437; x_wconf 87' lang='lat' dir='ltr'>beneficiarios</span> <span class='ocrx_word' id='word_1_313' title='bbox 1571 2402 1740 2436; x_wconf 87' lang='lat' dir='ltr'>nostros</span> <span class='ocrx_word' id='word_1_314' title='bbox 1780 2408 1805 2435; x_wconf 85' lang='lat' dir='ltr'>a</span> <span class='ocrx_word' id='word_1_315' title='bbox 1839 2396 1958 2435; x_wconf 87' lang='lat' dir='ltr'>nobis</span> <span class='ocrx_word' id='word_1_316' title='bbox 1991 2395 2060 2433; x_wconf 87' lang='lat' dir='ltr'>in—</span> 
     </span>
     <span class='ocr_line' id='line_1_34' title="bbox 191 2459 2062 2521; baseline 0.002 -22"><span class='ocrx_word' id='word_1_317' title='bbox 191 2459 399 2501; x_wconf 87' lang='lat' dir='ltr'>feudatos.</span> <span class='ocrx_word' id='word_1_318' title='bbox 449 2464 510 2502; x_wconf 86' lang='lat' dir='ltr'>eis</span> <span class='ocrx_word' id='word_1_319' title='bbox 554 2466 807 2505; x_wconf 88' lang='lat' dir='ltr'>remittimus.</span> <span class='ocrx_word' id='word_1_320' title='bbox 855 2470 899 2506; x_wconf 89' lang='lat' dir='ltr'>ut</span> <span class='ocrx_word' id='word_1_321' title='bbox 940 2467 1064 2518; x_wconf 87' lang='lat' dir='ltr'>plena</span> <span class='ocrx_word' id='word_1_322' title='bbox 1104 2470 1147 2506; x_wconf 90' lang='lat' dir='ltr'>et</span> <span class='ocrx_word' id='word_1_323' title='bbox 1196 2465 1385 2518; x_wconf 86' lang='lat' dir='ltr'>perfecta</span> <span class='ocrx_word' id='word_1_324' title='bbox 1425 2467 1648 2521; x_wconf 82' lang='lat' dir='ltr'>gaudeant</span> <span class='ocrx_word' id='word_1_325' title='bbox 1685 2466 1892 2505; x_wconf 83' lang='lat' dir='ltr'>libertate.</span> <span class='ocrx_word' id='word_1_326' title='bbox 1935 2467 1976 2503; x_wconf 87' lang='lat' dir='ltr'>et</span> <span class='ocrx_word' id='word_1_327' title='bbox 2017 2470 2062 2503; x_wconf 90' lang='lat' dir='ltr'>ut</span> 
     </span>
     <span class='ocr_line' id='line_1_35' title="bbox 193 2530 2060 2587; baseline 0.002 -18"><span class='ocrx_word' id='word_1_328' title='bbox 193 2530 327 2570; x_wconf 88' lang='lat' dir='ltr'>nullus</span> <span class='ocrx_word' id='word_1_329' title='bbox 361 2532 423 2570; x_wconf 90' lang='lat' dir='ltr'>eis</span> <span class='ocrx_word' id='word_1_330' title='bbox 458 2544 590 2573; x_wconf 87' lang='lat' dir='ltr'>nouas</span> <span class='ocrx_word' id='word_1_331' title='bbox 625 2534 896 2575; x_wconf 89' lang='lat' dir='ltr'>condiciones</span> <span class='ocrx_word' id='word_1_332' title='bbox 929 2538 1078 2576; x_wconf 86' lang='lat' dir='ltr'>contra</span> <span class='ocrx_word' id='word_1_333' title='bbox 1111 2539 1266 2576; x_wconf 88' lang='lat' dir='ltr'>statuta</span> <span class='ocrx_word' id='word_1_334' title='bbox 1292 2542 1437 2577; x_wconf 89' lang='lat' dir='ltr'>nostra</span> <span class='ocrx_word' id='word_1_335' title='bbox 1471 2536 1626 2576; x_wconf 85' lang='lat' dir='ltr'>audeat</span> <span class='ocrx_word' id='word_1_336' title='bbox 1657 2536 1874 2587; x_wconf 83' lang='lat' dir='ltr'>inponere.</span> <span class='ocrx_word' id='word_1_337' title='bbox 1908 2537 1949 2573; x_wconf 89' lang='lat' dir='ltr'>et</span> <span class='ocrx_word' id='word_1_338' title='bbox 1980 2532 2060 2573; x_wconf 89' lang='lat' dir='ltr'>hoc</span> 
     </span>
    </p>
   </div>
  </div>
 </body>
</html>
