2212 2876
993 55 1061 96 67

91 202 198 242 libus
232 201 419 242 Boemie.
451 200 652 241 uidelicet
683 200 828 240 Jaros.
868 203 911 239 et
943 197 1035 239 filiis
1075 199 1310 238 IVitconis.
1344 198 1555 239 ⁷§Vitcone
1589 200 1633 238 et
1674 197 1893 237 Heinrico.
1928 201 1971 237 et

91 272 348 312 Hermanno.
388 269 470 310 filio
510 270 714 310 Jarozlai.
755 273 797 308 et
829 269 966 308 multis
1006 269 1098 308 aliis
1139 267 1191 307 de
1229 268 1422 308 Boemia.
1456 270 1495 308 et
1531 268 1737 308 Morauia
1778 265 1969 306 euntibus

91 341 373 392 Ratis-ponam
412 339 471 379 ad
501 339 768 391 colloquium.
802 339 843 378 in
877 350 980 377 usus
1015 337 1202 377 ecclesie
1226 337 1395 377 tradidit
1426 340 1632 389 perpetuo
1658 335 1969 387 possidendam.

91 409 253 449 Eodem
286 412 422 448 autem
456 421 580 448 anno.
615 419 695 460 quo
735 407 817 447 hec
850 411 948 447 acta
987 412 1095 446 sunt.
1131 406 1320 446 dominus
1367 405 1636 446 Theobaldus
1677 405 1744 444 cui
1776 408 1971 456 tanquam

93 476 205 518 fideli
241 478 476 518 custodiam
507 477 747 517 Pliznensis
782 477 1000 528 prouincie
1033 477 1321 516 commisimus.
1347 476 1525 516 nobilem
1557 476 1690 515 uirum
1716 473 1972 515 Groznatam

92 548 283 599 predicte
316 548 503 587 ecclesie
536 545 798 586 fundatorem
832 547 873 585 in
907 545 1053 586 eadem
1086 546 1184 585 uilla
1217 546 1351 586 multis
1385 544 1711 601 grauaminibus
1744 541 1972 583 infestauit.

92 617 303 672 ignorans
327 629 404 656 nos
438 627 544 668 sepe
572 616 722 655 dictam
746 615 880 655 uillam
915 616 1023 667 patri
1051 616 1337 666 prenominate
1371 618 1560 654 matrone
1587 614 1627 653 in
1654 612 1973 664 possessionem

91 686 391 726 hereditariam
416 685 662 726 tradidisse.
702 686 998 725 Accesserunt
1023 695 1134 738 ergo
1158 685 1208 724 ad
1242 696 1317 723 nos
1345 685 1535 736 predicte
1564 682 1750 722 ecclesie
1776 679 1973 721 fundator

92 760 135 796 et
167 755 382 796 defensor.
417 754 648 796 Groznata.
683 759 725 794 et
765 754 933 795 Olricus
968 765 1123 793 comes.
1165 758 1207 793 et
1240 752 1374 792 frater
1414 754 1506 793 eius
1540 753 1729 792 Protiva.
1771 754 1814 790 et
1845 754 1972 790 totam

92 826 245 865 seriem
280 831 425 864 nostre
451 824 702 864 donationis.
736 827 778 863 et
804 823 983 875 qualiter
1016 824 1205 874 predicta
1232 827 1434 862 matrona.
1467 833 1515 861 se
1550 825 1592 861 et
1625 820 1763 860 uillam
1787 819 1972 860 ecclesie

93 894 331 934 contulerit.
372 893 494 933 nobis
534 893 660 944 plena
702 891 796 932 fide.
845 896 887 932 et
926 893 1004 931 sub
1045 893 1281 931 testimonio
1330 892 1525 931 nobilium
1564 891 1760 930 uirorum.
1802 899 1975 940 quorum

94 965 258 1003 nomina
306 961 481 1002 inferius
523 962 860 1001 subscribentur.
911 961 1198 1012 sollempniter
1243 959 1633 1002 manisestauerunt.
1696 963 1788 1002 Nos
1837 963 1973 1000 autem

92 1030 296 1085 prefatam
331 1032 594 1072 donationem
627 1035 813 1071 nostram
837 1031 1027 1083 plenarie
1062 1031 1116 1070 ad
1149 1032 1383 1071 memoriam
1410 1037 1680 1073 reuocantes.
1714 1038 1757 1075 et
1783 1036 1974 1074 matrone

94 1101 305 1142 deuotioni
341 1100 683 1155 congaudentes.
725 1101 818 1140 eius
851 1101 1055 1140 actionem
1097 1100 1440 1140 collalulauiinus,
1482 1105 1524 1141 et
1563 1102 1701 1143 uillam
1741 1103 1974 1156 predictam

92 1171 281 1212 ecclesie
315 1168 645 1210 confirmauimus
678 1174 882 1223 perpetuo
926 1169 1237 1221 possidendam.
1303 1170 1362 1210 Vt
1395 1174 1531 1210 autem
1574 1171 1628 1212 de
1661 1176 1808 1213 cetero
1842 1172 1974 1212 omnis

94 1240 290 1281 dubietas
324 1243 470 1279 nostre
504 1240 741 1280 donationis
773 1251 852 1279 seu
885 1240 1008 1280 etiam
1041 1238 1364 1279 confirmationis
1399 1244 1604 1292 perpetuo
1638 1243 1838 1294 sopiatur.
1872 1252 1974 1293 pre-

94 1314 255 1350 sentem
303 1310 506 1364 paginam
555 1309 768 1349 conscribi
817 1307 1005 1349 fecimus.
1052 1314 1094 1349 et
1142 1309 1274 1363 sigilli
1316 1311 1447 1349 nostri
1498 1312 1717 1352 munimine
1766 1312 1973 1352 roborari.

94 1380 260 1420 Placuit
299 1380 423 1419 etiam
455 1378 536 1418 liec
577 1377 832 1419 confirmatio
876 1383 1022 1418 nostra
1063 1376 1183 1418 fratri
1216 1383 1358 1418 nostro
1410 1379 1648 1420 W'adizlao.
1682 1382 1752 1433 (1111
1791 1392 1974 1433 presens

94 1447 299 1506 all'uit.jjet
331 1448 463 1502 sigilli
497 1449 563 1488 sui
595 1448 830 1487 testimonio
864 1446 1137 1487 confirmauit.
1201 1449 1503 1499 Apposuerunt
1537 1451 1659 1490 etiam
1695 1451 1747 1491 de
1780 1451 1973 1490 mandato

95 1522 240 1558 nostro
273 1518 420 1572 sigilla
452 1529 530 1557 sua
567 1516 836 1556 Theobaldas
877 1521 1093 1571 cognatus
1127 1521 1285 1557 noster.
1326 1522 1368 1557 et
1401 1517 1648 1559 Zobezlaus
1688 1518 1823 1560 frater
1866 1522 1972 1560 eius.

95 1587 271 1627 Nomina
316 1590 453 1625 autem
492 1597 647 1626 eorum.
692 1588 758 1637 qui
807 1586 902 1625 huic
951 1586 1141 1626 secunde
1184 1585 1483 1626 confirmationi
1533 1593 1692 1628 nostre.
1732 1601 1810 1629 seu
1850 1590 1974 1630 etiam

96 1656 313 1696 donationi
353 1653 560 1694 affuerunt
599 1655 816 1695 sunt-bec
857 1655 1133 1695 Wadizlaus.
1186 1655 1476 1695 'rheobaldus.
1519 1657 1777 1698 Zobezlaus.
1816 1658 1974 1699 Daniel

97 1727 324 1778 episcopus
379 1725 634 1779 I‘ragensis.
684 1725 900 1764 Robertus
957 1725 1183 1776 episcopus
1230 1724 1534 1766 Morauiensis.
1589 1726 1766 1767 Zlauco.
1815 1728 1973 1767 Benes.

96 1795 397 1847 Marquardus.
439 1794 639 1834 Zauiss'a.
681 1795 825 1834 Jaros.
860 1793 1026 1834 XVitco.
1068 1795 1308 1833 noim-icus
1350 1795 1562 1835 Martinus
1602 1793 1710 1836 filius
1744 1794 1973 1837 Csastone.

98 1865 244 1905 Bicen.
277 1864 503 1904 Johannes
537 1868 579 1904 et
611 1861 743 1903 frater
777 1865 869 1904 eius
911 1863 1077 1903 Olricus
1112 1863 1178 1902 filii
1220 1864 1358 1903 Jurik.
1392 1864 1634 1904 Bohuzlaus
1670 1863 1776 1905 lilius
1809 1866 1971 1917 Dnepr.

97 1934 290 1984 Budiuoy
325 1931 430 1972 filius
469 1933 709 1984 Drisicray.
751 1936 792 1972 et
826 1933 895 1972 alii
936 1933 1093 1984 plures.
1137 1933 1205 1984 qui
1245 1930 1415 1972 suerunt
1453 1934 1497 1975 111
1537 1933 1758 1986 colloquio.
1820 1935 1973 1974 Actum

98 2007 165 2042 est
196 2002 277 2042 hoc
310 2003 612 2042 incarnationis
638 2002 841 2042 dominice
875 2013 985 2041 anno
1019 2001 1232 2041 millesimo
1259 2001 1558 2042 ducentesimo.
1592 2003 1711 2043 XIII.
1745 2003 1972 2045 indictione

97 2072 172 2112 111.
207 2070 503 2112 Concurrente
536 2072 611 2111 111.
647 2072 812 2123 Epacta
844 2071 1010 2111 xvlll.
1045 2082 1184 2111 coram
1216 2071 1386 2110 Boemis
1419 2072 1460 2111 in
1493 2071 1658 2127 Praga.

413 2189 465 2220 Ex
489 2189 682 2229 originali
707 2190 737 2220 in
761 2189 897 2220 archivo
912 2200 940 2220 (τ.
957 2199 981 2220 r.
996 2189 1102 2220 aulico
1127 2187 1391 2220 vindobonae
1415 2190 1446 2220 in
1470 2189 1629 2221 analectis
1653 2189 1693 2221 F.
1718 2189 1972 2232 Palacky.—

514 2240 544 2271 E
568 2244 706 2282 quatuor
725 2241 845 2283 sigillis
865 2241 937 2272 olim
957 2241 1115 2281 appensis
1133 2241 1270 2281 primum
1290 2240 1437 2271 avulsum
1459 2240 1573 2282 deest3
1597 2241 1734 2273 secundi
1757 2242 1971 2285 fragmentum

514 2291 627 2333 adest3
651 2294 778 2324 tertium
803 2293 927 2324 laesum
952 2292 1045 2323 ducis
1070 2290 1251 2322 'l'heobaldi
1275 2295 1504 2333 repraesentat
1529 2292 1667 2324 medium
1690 2294 1817 2324 leonem
1842 2296 1873 2324 et
1898 2303 1971 2325 me-

515 2343 600 2375 diam
628 2345 768 2385 aquilam
798 2346 935 2375 invicem
962 2343 1095 2385 junctos
1126 2342 1243 2384 dorso3
1279 2346 1383 2386 quiarli
1414 2345 1512 2385 sigilli
1541 2354 1561 2377 a
1595 2345 1818 2387 praecedente
1847 2345 1971 2376 diversi

514 2395 729 2438 fragmentum
752 2398 920 2437 superest.

1585 2543 1659 2585 9*ss
