2212 2876
1025 89 1158 151 153-

1026 232 1137 274 CLI.

149 328 373 380 Roberlus,
414 329 638 380 episcopus
673 328 982 381 olomucensis7
1025 327 1247 380 confirmat
1278 326 1531 365 monasterio
1570 325 1763 365 Lucensz·
1801 325 2020 364 emtionem

193 397 321 437 villae
351 399 618 449 JlramMice,
652 397 797 437 decisa
829 410 958 450 super
991 397 1135 436 eadem
1169 396 1239 436 lile
1269 398 1463 435 vertente.
1528 395 1679 434 Actum
1711 395 1756 434 in
1788 395 1973 447 Znoym,

1009 465 1161 505 1223.

278 559 339 620 In
377 579 555 618 Nomine
594 578 774 618 Domini.
814 579 963 618 Amen.
1026 579 1128 632 Ego
1168 577 1385 616 Robertus
1428 576 1494 615 dei
1539 576 1692 630 gracia
1726 575 2018 617 olomucensis

147 647 400 699 Episcopus.
434 647 635 687 Omnibus
668 645 857 686 fidelibus
898 648 939 686 in
973 650 1233 699 perpetuum.
1296 646 1448 685 Notum
1489 644 1663 685 facimus
1697 646 1884 685 omnibus
1917 656 2020 697 pre-

148 717 338 757 sentibus
373 720 414 756 et
446 715 606 756 suturis.
636 716 743 767 quod
778 728 867 756 cum
901 717 941 755 in
976 715 1191 767 presentia
1218 718 1365 754 nostra
1397 714 1506 765 apud
1528 714 1716 754 Zenoim.
1748 715 2019 765 presentibus

148 787 271 826 etiam
319 784 575 827 Castellanis
623 788 666 824 et
716 785 809 824 aliis
858 785 992 824 multis
1039 783 1182 835 probis
1231 784 1348 823 viris.
1393 784 1555 835 questio
1601 787 1843 824 uerteretur
1889 795 2020 835 super

149 855 325 908 quadam
359 855 567 906 emptione
608 854 706 893 ville
739 854 792 893 de
824 854 1046 894 BrawaHz
1079 865 1168 892 cum
1203 853 1292 891 suis
1334 852 1586 904 appenditiis
1621 864 1740 904 quam
1773 853 1924 893 Abbas
1964 854 2017 893 de

147 925 274 964 Luca
306 924 544 963 Florianus
576 923 766 977 legitime
799 934 850 962 ac
891 923 1174 973 sollempniter
1206 919 1307 961 fecit
1339 932 1430 960 cum
1463 921 1738 961 XVencezlao
1771 926 1813 962 et
1844 923 1913 962 W
1915 923 2018 963 lrico

146 993 511 1033 Zenoimensibus.
552 1004 629 1032 nos
668 1004 693 1032 a
733 993 935 1044 predictis
977 991 1234 1033 Castellanis
1283 992 1351 1042 qui
1385 991 1504 1030 nobis
1545 990 1825 1030 considebant
1864 996 2019 1044 quanto

147 1062 349 1114 potuimus
374 1062 506 1100 artius
530 1064 573 1100 et
605 1062 729 1100 altius
763 1073 819 1101 ex
850 1065 971 1113 parte
1006 1060 1156 1100 domini
1180 1060 1337 1114 Regis.
1373 1064 1415 1099 et
1437 1063 1597 1099 nostra.
1625 1072 1718 1099 cum
1743 1062 1858 1100 vices
1883 1063 2019 1114 ipsius

145 1132 281 1183 Reqis
317 1130 507 1171 ollae-ari
539 1133 636 1169 tunc
670 1131 868 1183 {emporis
897 1141 1157 1182 yereremus.
1192 1131 1232 1169 in
1265 1130 1400 1169 salute
1435 1130 1615 1180 ipsorum
1650 1130 1943 1181 requisiuimus
1976 1134 2020 1172 et

147 1211 223 1240 eos
256 1201 482 1240 monuimus
516 1199 760 1254 diiigenter.
803 1203 849 1239 vt
882 1211 971 1238 cum
1012 1199 1090 1250 ipsi
1124 1198 1353 1238 uenditioni
1393 1198 1447 1237 illi
1482 1210 1601 1249 quam
1642 1196 1806 1238 fecerat
1838 1199 2017 1239 Vence-

147 1270 292 1309 zclaus
334 1280 390 1308 ex
430 1273 551 1321 parte
592 1281 682 1308 sua.
727 1273 769 1309 et
811 1269 1009 1309 xvh-icus
1050 1280 1105 1307 ex
1137 1272 1258 1319 parte
1302 1268 1439 1318 neptis
1472 1278 1549 1306 sue
1592 1271 1634 1307 et
1665 1267 1889 1308 liberorum
1925 1270 2017 1309 eius

146 1350 237 1378 cum
276 1339 448 1378 Abbate
490 1336 669 1389 prefato.
703 1338 755 1378 de
798 1339 898 1379 villa
931 1350 1061 1390 supra
1104 1337 1216 1377 dicta
1259 1324 1561 1394 inite1·[uissent.
1603 1338 1785 1377 veritate
1826 1337 1878 1377 de
1912 1349 2018 1378 con-

145 1409 355 1448 trouers1a
380 1419 500 1459 quam
526 1407 635 1446 inter
667 1418 769 1447 sese
803 1419 858 1447 ex
891 1409 984 1459 ipsa
1011 1407 1253 1447 venditione
1287 1410 1329 1445 et
1362 1396 1569 1457 emptione
1596 1406 1824 1446 habebant.
1850 1407 2018 1458 publice

147 1480 189 1517 et
228 1477 536 1516 sententialiter
585 1476 867 1516 declararent.
932 1476 1012 1525 Qvi
1062 1476 1220 1527 pariter
1260 1475 1806 1526 Adiurati‚responderunt
1853 1480 2016 1527 aperte.

147 1545 256 1597 quod
291 1546 601 1596 prenominatus
635 1545 786 1584 Abbas
820 1545 1043 1584 Florianus
1077 1545 1264 1598 legitima
1300 1545 1505 1594 emptione
1540 1544 1678 1583 villam
1712 1545 1764 1583 de
1797 1546 2015 1586 Brawatiz

146 1626 236 1654 cum
278 1615 367 1654 suis
407 1614 670 1665 pertinentiis
712 1615 765 1653 ab
807 1615 909 1665 ipsis
953 1614 1226 1653 Vencezclao
1267 1614 1434 1652 scilicet
1473 1617 1516 1653 et
1555 1613 1728 1653 X‘Vlrico
1767 1619 1938 1653 emerat.
1973 1618 2017 1656 et

146 1683 257 1736 quod
289 1684 487 1723 VVlricus
528 1686 687 1734 partem
721 1684 900 1735 pecunie
944 1684 1107 1723 scilicet
1147 1683 1252 1722 duas
1294 1682 1500 1722 Marchas
1542 1693 1647 1734 quas
1687 1682 1825 1722 adhuc
1864 1684 2015 1725 Abbas

145 1752 317 1793 VVlrico
351 1752 510 1792 dehac
544 1753 750 1804 emptione
779 1751 976 1792 debebat.
1009 1753 1050 1792 in
1083 1751 1417 1792 contradictione
1443 1752 1638 1803 recipere
1665 1751 1854 1792 deberet.
1896 1752 2014 1802 Quas

144 1834 235 1863 cum
273 1822 424 1862 Abbas
473 1821 553 1861 sibi
592 1822 636 1861 in
677 1822 893 1873 presentia
941 1826 1086 1861 nostra
1128 1825 1170 1861 et
1210 1821 1382 1860 omnium
1432 1822 1501 1873 qui
1545 1821 1724 1861 aderant
1763 1822 2014 1872 persoluere

143 1893 293 1933 uolens
336 1890 517 1931 offerret.
559 1891 651 1942 ipse
692 1891 834 1942 primo.
875 1890 1076 1930 secundo.
1125 1902 1176 1930 ac
1216 1891 1350 1930 tercio
1391 1891 1568 1930 monitus
1618 1890 1671 1930 ad
1713 1891 2012 1943 recipiendum.

144 1961 274 2001 noluit
306 1960 482 2001 eandem
509 1960 727 2011 pecuniam
761 1960 969 2012 recipere.
1022 1959 1148 1999 Vnde
1182 1960 1318 1999 statim
1343 1959 1562 1998 iudicatum
1593 1962 1658 1999 est
1691 1971 1715 1999 a
1741 1957 2013 2000 Castellanis.

144 2030 254 2082 quod
287 2029 436 2069 eadem
476 2030 654 2080 pecunia
696 2031 758 2068 sic
793 2029 934 2069 oblata
976 2033 1019 2069 et
1051 2041 1075 2068 a
1109 2029 1220 2068 nullo
1260 2033 1435 2079 recepta
1476 2028 1654 2068 deberet
1692 2026 1889 2070 infiscari.
1930 2030 2011 2070 hoc

145 2102 211 2139 est
243 2099 284 2137 in
318 2096 538 2139 cameram
570 2098 712 2152 Regis
745 2099 941 2138 transire.
1006 2097 1126 2146 Quod
1160 2101 1202 2137 et
1233 2096 1384 2136 factum
1419 2100 1496 2136 est.
1560 2097 1621 2136 Vt
1653 2108 1763 2151 ergo
1797 2098 2011 2149 predictus

144 2168 294 2208 Abbas
320 2166 576 2218 sepedictam
605 2167 740 2207 villam
772 2179 861 2207 cum
887 2167 1074 2207 omnibus
1108 2167 1196 2206 suis
1222 2166 1485 2218 appenditiis.
1520 2169 1561 2205 et
1587 2166 1773 2206 ecclesia
1798 2167 2010 2208 Lucensis

144 2240 326 2288 emptam.
358 2236 420 2275 sic
459 2236 649 2290 legitime
699 2240 741 2276 et
780 2237 989 2277 obtentam
1031 2237 1072 2275 in
1114 2247 1220 2287 pace
1261 2235 1464 2286 deinceps
1512 2235 1653 2275 ualeat
1691 2236 1928 2287 possidere.
1969 2240 2012 2277 et
2054 2258 2058 2262 ·

143 2306 283 2358 quieta
317 2306 592 2356 possessione
625 2306 821 2360 gaudere
853 2318 931 2346 nos
965 2316 1144 2357 presens
1185 2305 1383 2356 scriptum
1415 2305 1505 2344 cum
1546 2305 1678 2359 sigilli
1712 2306 1843 2345 nostri
1875 2306 2011 2346 muni-

142 2376 262 2415 mine.
303 2374 355 2413 de
403 2374 483 2413 hiis
524 2385 604 2425 que
646 2375 875 2415 audiuimus
916 2379 958 2414 et
998 2374 1281 2414 tractauimus,
1330 2373 1411 2413 sibi
1451 2375 1641 2429 dugdmus
1682 2375 2008 2415 concedendum.

142 2444 265 2484 Immo
300 2447 342 2484 et
380 2443 551 2494 insuper
583 2447 719 2483 notum
759 2442 848 2483 fieri
880 2444 1081 2483 uolumus.
1115 2443 1223 2495 quod
1262 2444 1521 2494 inpresentia
1555 2443 1703 2482 domini
1742 2443 2007 2484 Marchionis

150 2512 372 2554 Wadezlai
410 2512 514 2553 bone
553 2513 751 2553 memorie
798 2516 842 2553 et
889 2513 1035 2552 eodem
1077 2512 1380 2552 consentiente.
1421 2512 1500 2552 hec
1539 2512 1723 2552 uenditio
1766 2516 1808 2552 et
1856 2513 2005 2564 emptio

1625 2580 1693 2620 20
