2212 2876
1059 71 1163 111 256

963 211 1255 254 CCXXXIV.

174 307 399 360 Robertus,
416 308 639 360 episcopus
658 306 966 359 olomucensis,
990 308 1212 360 confirmat
1227 306 1505 347 venditionem
1526 307 1730 348 bonorum
1746 309 1791 347 in
1807 309 2044 362 Humpolec

292 381 352 429 »et
383 389 510 430 super
544 375 754 428 Gnatam,
787 388 951 416 necnon
983 376 1169 416 decimas
1202 378 1409 428 ecclesiae
1438 377 1710 428 Jylcwiensis.
1750 377 1902 418 1233.

301 471 543 532 Robertus
567 487 839 528 miseratione
868 488 1009 528 diuina
1034 488 1323 529 olomucensis
1350 489 1538 528 ecclesie
1564 489 1803 540 episcopus.
1845 489 2044 530 Omnibus

173 557 332 600 Christi
365 556 571 597 fidelibus.
614 562 855 609 presentem
889 559 1088 612 paginam
1129 559 1397 609 inspecturis.
1431 559 1607 597 salutem
1640 559 1680 597 in
1713 570 1819 598 vero
1854 559 2043 599 salutari.

170 627 348 667 Nouerit
380 629 462 666 tam
495 637 677 678 presens
709 624 914 666 hominum
948 631 1054 667 etas.
1089 638 1208 680 quam
1242 629 1283 667 in
1317 626 1487 669 Christo
1515 639 1772 667 successura
1805 629 2044 679 posteritas.

170 696 280 748 quod
305 695 565 735 accedentes
583 697 635 734 ad
662 708 739 735 nos
763 700 861 735 tunc
880 696 1031 751 Prage
1060 698 1323 737 constitutos.
1341 697 1614 737 venerabiles
1639 697 1734 736 viri.
1757 698 2045 737 Ilm-mannus.

170 766 487 816 coynominatus
528 764 681 805 Ballso.
718 766 857 818 flaret·
897 768 936 805 et
971 768 1172 822 mayz'sler
1215 766 1267 805 de
1309 766 1433 805 domo
1472 767 1677 806 teutona-a
1720 778 1811 806 cum
1844 765 2044 807 fratribus

169 836 271 873 suis.
305 838 348 874 et
371 835 649 874 Hermannus
682 834 810 874 abba-s·
834 834 1071 887 Syloensis.
1105 835 1226 875 nobis
1250 835 1457 875 humiliter
1491 839 1532 875 et
1557 835 1710 875 deuote
1743 836 2044 887 supplicarunt.

171 904 365 955 quatinus
407 904 625 955 emptionis
674 908 717 943 et
760 904 1013 944 venditionis
1053 908 1312 944 contractum
1360 905 1469 944 inter
1509 908 1758 944 conuentum
1802 901 2043 945 monasterii

168 972 406 1023 Syloensis.
450 976 492 1012 et
532 974 643 1013 inter
675 973 851 1013 eandem
893 974 1053 1013 domum
1091 974 1366 1014 Teutonicam
1406 977 1542 1013 mutuo
1584 974 1779 1014 habitum,
1822 978 1863 1014 et
1903 986 2046 1014 coram

169 1041 330 1081 domino
370 1042 615 1096 Peregrino
659 1043 865 1094 quondam
910 1042 1139 1097 Pragense
1178 1043 1378 1094 episcopo
1421 1055 1471 1082 ac
1512 1043 1604 1082 aliis
1648 1044 1750 1082 viris
1789 1043 1969 1094 ydoneis
2003 1046 2046 1082 et

166 1110 358 1150 honestis
391 1112 662 1151 terminatum.
688 1123 817 1163 super
849 1112 971 1151 bonis
998 1112 1311 1163 temporalibus.
1345 1123 1426 1164 que
1452 1110 1615 1163 prefata
1643 1112 1785 1151 domus
1809 1112 2045 1152 Teutonica

166 1180 208 1218 in
241 1181 458 1232 Humpolz
498 1183 537 1219 et
566 1193 695 1233 super
726 1165 937 1234 ⁵nylaua
976 1182 1084 1220 iuste
1125 1193 1177 1220 ac
1216 1181 1423 1235 legittime
1463 1182 1723 1232 possidebat.
1767 1185 1808 1221 et
1848 1193 1929 1234 que
1970 1194 2043 1233 pro

167 1252 331 1288 0011111111
378 1251 530 1288 marcis
578 1250 753 1304 argenti
799 1250 988 1291 vendidit
1034 1251 1236 1302 Syloensi
1283 1252 1536 1290 monasterio
1585 1255 1823 1290 memorato.
1870 1254 2044 1302 propter

167 1318 515 1357 ratihabitionem.
557 1320 702 1370 scripti
736 1320 868 1358 nostri
910 1321 1180 1360 attestatione
1222 1323 1264 1359 et
1301 1321 1433 1359 nostri
1467 1321 1725 1371 appensione
1765 1321 1898 1375 sigilli
1938 1331 2044 1359 con-

165 1385 433 1427 firmaremus.
483 1386 586 1428 Cum
619 1388 751 1442 igitur
783 1387 973 1439 prefatus
1000 1390 1269 1428 Hermannus
1302 1389 1436 1428 Balko
1472 1392 1513 1428 et
1535 1387 1690 1428 fratres
1724 1391 1802 1429 sui.
1837 1391 1900 1429 ius
1934 1389 2044 1441 quod

166 1457 405 1496 habuerunt
436 1458 477 1496 in
512 1458 708 1497 ecclesiis
743 1458 834 1496 sitis
867 1459 908 1497 in
935 1459 1091 1509 prediis
1126 1469 1207 1510 (1110
1239 1458 1533 1498 vendiderunt.
1562 1459 1804 1510 simpliciter
1838 1463 1879 1498 et
1912 1459 2044 1498 abso-

169 1526 254 1565 lute
287 1525 538 1565 tradiderint
577 1538 666 1566 cum
711 1527 883 1566 decimis
926 1528 1210 1582 integralibus
1243 1532 1324 1567 tam
1364 1528 1652 1567 theloneorum
1695 1540 1815 1580 quam
1854 1529 2044 1567 villarum

166 1593 330 1645 prefato
363 1596 607 1634 Hermanno
650 1596 792 1635 abbati
827 1600 869 1636 et
908 1597 1094 1636 ecclesie
1127 1597 1341 1648 Syloensi.
1383 1601 1427 1636 vt
1461 1601 1680 1651 gestorum
1720 1598 1857 1637 series
1897 1597 2044 1649 predi-

166 1667 323 1702 ctorum
373 1676 449 1714 per
493 1668 677 1704 nostram
719 1667 1040 1705 attestationem.
1089 1665 1242 1706 firmius
1283 1667 1410 1706 robur
1456 1667 1611 1707 habeat
1650 1670 1693 1706 et
1730 1667 1948 1706 munimen.
1990 1667 2043 1706 ad

166 1733 403 1783 petitionem
446 1734 577 1784 partis
625 1734 842 1786 utriusque
882 1738 1122 1785 presentem
1175 1736 1377 1789 paginam
1417 1736 1550 1775 nostri
1594 1737 1871 1787 impressione
1911 1736 2044 1790 sigilli

166 1802 356 1841 duximus
390 1803 681 1842 roborandam.
722 1815 863 1842 curam
896 1804 1119 1844 animarum
1155 1805 1297 1844 abbati
1336 1804 1535 1855 Syloensi
1571 1809 1612 1845 et
1643 1803 1844 1845 fratribus
1878 1807 1968 1845 eius
2001 1806 2043 1845 in

168 1870 383 1925 Gyglaua.
419 1883 499 1923 (1110
534 1873 584 1911 ad
621 1876 764 1912 nostre
798 1877 965 1923 spectat
998 1873 1181 1913 diocesis
1215 1874 1542 1913 iurisdictionem
1576 1875 1892 1914 committentes.
1950 1875 2043 1913 De-

168 1942 296 1980 cimas
331 1952 495 1992 quoque
530 1942 580 1980 ad
617 1940 818 1992 prefatam
852 1943 1075 1982 ecclesiam
1109 1944 1147 1982 in
1183 1942 1385 1997 Gyglaua
1426 1947 1685 1994 spectantes.
1719 1944 1760 1982 in
1792 1943 1902 1983 villis
1936 1954 2041 1995 quas

169 2009 237 2048 1110
271 2011 559 2049 nominetenus
597 2010 901 2062 specificamus.
931 2012 1095 2051 scilicet
1126 2011 1373 2051 Bobilfozle.
1411 2012 1648 2051 Borisowe.
1681 2013 1906 2052 ‘refzenowa
1942 2014 2042 2052 Ko-

169 2090 316 2117 ssowe.
344 2079 636 2118 Dobresou-ie.
663 2080 861 2120 Hellzoca.
888 2081 1157 2121 Bolemilzic.
1182 2079 1339 2122 Sabor.
1368 2080 1488 2120 aliud
1514 2080 1672 2122 Sabor.
1697 2080 1900 2121 Bnkowe.
1924 2081 2046 2121 aliud

170 2146 373 2196 Bukowe.
401 2148 619 2189 δῃῶν-21111.
649 2149 818 2191 Sco-ech
841 2153 879 2189 et
903 2151 1074 2189 Porelz.
1103 2151 1289 2190 ecclesie
1314 2149 1514 2201 Syloensi
1542 2154 1745 2202 perpetuo
1772 2150 2042 2201 presentibus

172 2215 514 2256 confirmauimus.
542 2221 792 2258 statuentes.
827 2223 868 2258 01
890 2219 968 2259 sub
993 2220 1325 2259 interminatione
1358 2219 1635 2259 anathematis
1670 2220 1897 2259 districtius
1931 2219 2041 2258 inhi-

172 2286 335 2325 bentes.
384 2297 437 2325 ne
488 2288 702 2339 quisquam
744 2288 897 2327 insultu
944 2289 1130 2343 maligno
1174 2291 1472 2328 contrauenire
1520 2292 1745 2340 presumat.
1793 2289 1863 2328 uel
1910 2288 2041 2328 modis

171 2354 376 2407 aliquibus
426 2356 613 2396 obuiare.
679 2358 788 2396 Acta
837 2361 934 2397 sunt
975 2358 1055 2397 1100
1103 2370 1213 2397 anno
1255 2359 1399 2413 gratie
1449 2358 1510 2398 M.
1552 2356 1643 2399 CC.
1683 2359 1829 2398 XXX.
1878 2358 2037 2397 Tertio.

172 2423 443 2465 Pontificatus
478 2426 607 2465 nostri
641 2438 750 2465 anno
784 2427 930 2467 XXX.
965 2431 1124 2479 quarto.

481 2517 510 2548 E
538 2516 805 2549 vidimatione
831 2528 880 2550 cc.
910 2517 1026 2550 1213.
1053 2519 1083 2551 in
1110 2528 1222 2550 museo
1250 2517 1477 2551 Moravico.
