2212 2876
1049 112 1153 155 295

159 261 535 302 Brezizlauiensis.
560 259 743 300 Nimirus
775 258 828 299 de
853 258 1011 298 Posna.
1043 256 1292 298 Jesuthbor.
1316 255 1525 296 XVitouiz.
1553 253 1864 299 Bunsdizlauiz.
1897 253 2034 294 Ninco

161 330 410 370 marsalcus.
458 329 640 370 VViceto
683 328 815 382 Judex
861 327 1211 368 Pribizlauensis.
1259 325 1525 366 XVseborius
1576 324 1629 365 de
1677 324 1878 364 Lesoniz.
1922 322 2037 364 Ruth

161 397 267 439 filius
299 398 506 439 Radoste.
530 397 773 438 Demetrius
801 396 853 437 de
885 396 1036 436 Dolan.
1069 396 1219 436 Milota
1254 393 1362 434 filius
1393 395 1636 449 Jarogneu.
1668 392 1790 433 Pelei
1823 396 1866 433 et
1898 392 2036 433 &Via-

161 469 247 509 ken
279 466 347 507 filii
380 468 516 507 Volis.
557 466 733 516 Qwalec
766 464 873 506 filius
912 466 1096 506 Kwaliz.
1129 464 1327 506 Sudomir
1359 464 1412 504 de
1453 462 1651 517 Sei-auih.
1691 452 1894 502 Wislaus
1927 460 2034 501 filius

161 537 370 577 VVoizlai.
410 537 565 577 Petrus
605 535 711 576 filius
748 535 986 576 Kwalonis.
1032 535 1134 575 Item
1174 533 1382 585 capellani
1424 535 1555 573 curie.
1596 530 1698 573 Cois
1728 523 1791 571 'de
1830 530 2036 573 Slauetin.

160 605 362 647 Predwoi
402 605 454 646 de
496 605 753 657 Neporadiz.
793 604 1046 644 Lambertus
1087 603 1293 655 plebanus
1336 602 1388 643 de
1428 602 1594 642 Lukou.
1636 601 1784 642 Barth.
1826 601 2036 652 plebanus

162 676 204 715 in
237 673 458 717 Cunowih.
491 674 748 714 Bertholdus
789 673 1073 725 parochianus
1115 673 1157 712 in
1195 672 1391 712 Budwih.
1423 671 1615 712 Absalon
1648 670 1854 722 plebanus
1888 670 1929 710 in
1961 670 2038 709 Bi-

162 747 301 785 zente.
336 748 378 784 et
410 744 479 784 alii
513 755 634 796 quam
668 743 824 795 plures.
890 743 1044 782 Datum
1076 742 1264 782 Brunne.
1297 742 1423 782 Anno
1457 739 1621 782 Domini
1653 740 1715 781 M.
1735 737 1825 781 CC.
1845 739 2037 780 XXXV.

163 814 216 854 Π.
249 813 350 854 Idus
383 813 620 854 Februarii.

285 917 378 956 Nos
411 922 550 958 autem
583 916 834 956 Ventizlaus
868 926 947 954 rex
987 915 1086 954 1111.
1121 914 1367 953 Boemorum
1402 912 1537 953 omnia
1577 911 1781 966 predicta,
1815 923 1897 963 que
1930 923 2036 951 con-

162 985 254 1026 tulit
286 991 419 1026 mater
450 990 597 1026 nostra
630 985 825 1037 hospitali
868 984 1042 1023 claustri
1076 984 1211 1023 sancti
1245 983 1466 1023 Francisci
1509 981 1662 1021 dilecte
1695 982 1858 1020 sororis
1891 984 2036 1020 nostre

162 1056 353 1110 Agnetis
387 1055 530 1109 sigillo
557 1058 701 1094 nostre
727 1053 989 1093 celsitudinis
1007 1051 1181 1093 fecimus
1209 1052 1421 1106 insigniri7
1449 1049 1744 1091 confirmantes
1764 1054 1806 1090 et
1830 1050 2040 1089 roboran-

163 1129 229 1163 tes
263 1124 525 1164 donationem
559 1123 800 1175 predictam.

474 1224 600 1258 Excust
626 1224 656 1254 in
682 1222 910 1254 Sbaraleae
935 1222 1120 1253 Bullario
1144 1221 1423 1253 Franciscano
1449 1220 1474 1251 Ι.
1492 1217 1579 1251 159.
1606 1222 1638 1251 ct
1658 1220 1836 1251 novissime
1851 1229 1924 1251 cum
1948 1219 2040 1250 fonte.

578 1285 638 1305 suo
661 1275 847 1315 Regesto
878 1273 1074 1315 Gregorii
1099 1274 1202 1305 lx.in
1220 1272 1336 1304 Tabul.
1361 1272 1578 1303 Vaticanis
1603 1272 1756 1303 collatum
1781 1281 1800 1302 a
1825 1271 2038 1313 Palacky.—

578 1327 660 1359 Item
686 1335 842 1359 excusum
866 1325 955 1369 apud
988 1325 1194 1368 Wadding
1228 1327 1260 1356 ct
1284 1323 1372 1366 apud
1404 1323 1682 1366 Biencnberg.

991 1501 1027 1545 C
1033 1501 1210 1545 CLXII.

163 1598 379 1650 PFemysI,
411 1598 603 1638 marchio
627 1599 865 1649 Morsu-iae,
893 1599 1150 1638 monasterio
1178 1596 1533 1638 Zabrclowicensz‘
1556 1595 1858 1648 amplissimas,
1885 1593 2034 1647 quibus

223 1669 524 1708 monasterium
565 1667 892 1707 Welelzradense
920 1666 1144 1719 ‚qamlebal,
1178 1666 1387 1706 libertale-s·
1420 1666 1639 1718 elaryiletr.
1676 1666 1746 1705 m.
1779 1665 1971 1715 Brumae,

738 1736 783 1777 Γ.
818 1736 1043 1777 Kalendas
1084 1737 1265 1793 Aprilis,
1314 1734 1466 1775 1235.

293 1830 354 1891 In
388 1849 551 1889 nomine
585 1853 733 1889 sancte
766 1849 963 1889 trinitatis
997 1851 1040 1888 et
1070 1848 1283 1888 indiuidue
1315 1848 1488 1887 unitatis
1522 1858 1655 1886 amen.
1689 1846 1822 1901 >Ego
1855 1844 2036 1885 Premizl

164 1918 233 1958 dei
265 1919 420 1972 gracia
461 1918 645 1958 marchio
679 1918 894 1971 Moravie7
933 1917 1190 1958 monasterio
1224 1917 1348 1956 beate
1381 1916 1523 1957 Mai-ie
1558 1916 1742 1970 virginis
1781 1915 1823 1954 in
1857 1914 2035 1955 Zabur-

165 1986 302 2026 domi-z
336 1991 377 2026 et
399 1987 541 2026 abbati
576 1986 1007 2039 Cuonradoeiusque
1041 1986 1364 2026 successoribus
1390 1989 1516 2037 atque
1550 1985 1623 2024 toti
1655 1995 1780 2024 sacro
1814 1984 2036 2023 conuentui

166 2055 571 2095 Zaburdowicensis
605 2057 791 2097 ecclesie
825 2057 864 2096 in
907 2061 1162 2108 perpetuum.
1229 2053 1332 2096 Cum
1374 2054 1643 2106 principalem
1677 2053 1829 2093 deceat
1861 2053 2036 2092 honori-

165 2122 384 2178 licentiam7
419 2136 473 2164 ex
507 2125 730 2165 nobilitatis
763 2125 842 2165 sibi
877 2127 1022 2164 innate
1044 2125 1330 2164 beniuolentia
1363 2124 1516 2163 deuote
1550 2122 1849 2163 assistentibus
1883 2121 1963 2161 sibi
1995 2123 2037 2161 in

165 2193 384 2233 famulatus
430 2192 538 2233 fideli
585 2194 788 2246 obsequio
840 2194 1127 2234 retributionis
1176 2192 1402 2234 informare
1442 2193 1650 2245 meritum3
1701 2203 1850 2244 equum
1890 2195 1956 2231 est
1995 2194 2036 2230 et

163 2264 351 2303 salutare
383 2264 524 2317 magis
564 2275 615 2303 ac
648 2256 881 2318 decentius,
921 2265 1114 2315 quatinus
1154 2262 1379 2303 ecclesiam
1420 2261 1502 2314 dei,
1543 2274 1568 2301 a
1601 2272 1682 2314 quo
1727 2260 1848 2300 nobis
1881 2264 2032 2300 cuncta

164 2332 276 2371 bona
308 2331 554 2386 procedunt:7
583 2336 625 2372 et
656 2334 857 2372 uniuersa
889 2331 1186 2373 beneficiorum
1217 2342 1295 2371 sue
1327 2331 1472 2386 gratie
1502 2333 1670 2370 manant
1704 2330 1812 2386 dona
1845 2329 2035 2383 celestia,

164 2404 375 2452 potestate
408 2401 529 2440 nobis
562 2401 615 2441 ab
648 2391 749 2453 ipso'
774 2413 983 2443 concessa
1016 2405 1306 2456 protegamus,
1340 2403 1381 2440 et
1414 2401 1505 2440 eius
1537 2397 1691 2440 honori
1716 2387 1773 2439 ita
1806 2397 2035 2451 prouidea-

163 2481 254 2509 mus
288 2474 330 2509 et
362 2471 470 2523 paci7
505 2471 700 2523 quatinus
733 2471 855 2514 nobis
896 2472 950 2511 ab
984 2471 1171 2511 ecclesia
1204 2471 1402 2509 continua
1442 2470 1484 2510 in
1516 2469 1742 2521 presidium
1775 2465 1901 2507 fluant
1934 2479 2035 2506 ora-

165 2539 318 2580 tionum
350 2550 535 2593 munera,
579 2544 620 2580 et
652 2552 729 2592 pro
769 2539 986 2581 beneficiis
1025 2539 1309 2594 presentibus,
1350 2539 1443 2580 sine
1483 2539 1632 2592 quibus
1674 2537 1909 2578 subsistere
1951 2547 2036 2576 non
