2212 2876
936 96 1148 158 42³⁷

1015 238 1173 282 CLIV.

155 344 378 384 Honorius
426 356 541 396 papa
588 344 676 384 III.
725 344 948 397 confirmat
988 345 1244 384 monasterio
1292 345 1486 384 Luc-ensi
1521 346 1792 398 privileyium
1835 348 2025 404 Roberti,

215 413 405 465 episcopi
438 413 747 465 olomucensis,
780 426 908 465 super
929 414 1036 466 Jure
1064 415 1314 466 patronatus
1346 416 1385 452 el
1414 413 1601 454 decimis.
1648 416 1723 455 Dc.
1755 417 1966 458 Laterani

711 483 844 522 XIII.
878 482 1103 523 Kalendas
1135 482 1274 534 ἆαηὶἱ,
1314 482 1467 522 1224.

283 575 521 637 Honorius
555 595 781 646 episcopus
821 606 975 634 seruus
1015 606 1233 634 seruorum
1267 594 1346 634 dei.
1413 595 1591 635 Dilectis
1624 595 1716 636 filiis
1751 627 1761 637 .
1795 627 1805 638 .
1839 627 1849 637 .
1883 598 2026 639 abbati

153 666 196 703 et
229 664 453 703 conuentui
486 663 675 703 Lucensi
707 664 884 703 salutem
917 667 960 704 et
992 663 1261 715 apostolicam
1294 664 1644 705 benedictionem.
1709 664 1813 708 Cum
1846 680 1872 707 a
1904 668 2037 725 nobis'

152 733 311 784 petitur
345 732 454 785 quod
487 734 635 772 iustum
670 736 737 772 est
769 736 811 772 et
843 732 1062 772 honestum
1095 737 1177 772 tam
1209 734 1338 788 uigor
1371 734 1565 785 equitatis
1599 746 1719 787 quam
1752 736 1853 776 ordo
1888 738 2027 792 exigit

151 802 327 841 rationis
350 805 392 841 ut
416 802 457 841 id
491 813 568 853 per
596 802 915 841 sollicitudinem
944 801 1064 841 officii
1091 803 1223 841 nostri
1257 802 1310 841 ad
1336 802 1516 842 debitum
1541 804 1798 854 perducatur
1822 805 2024 846 effectum.

150 870 270 911 Sane
311 875 432 910 tenor
472 871 700 910 litterarum
742 871 1001 911 venerabilis
1041 869 1181 910 fratris
1223 872 1354 910 nostri
1394 900 1404 910 .
1438 901 1447 910 .
1491 871 1781 913 olomucensis
1822 877 2023 927 episcopi.

150 939 301 980 litteris
336 940 475 979 dilecti
509 938 578 979 filii
611 941 743 980 nostri
778 940 828 981 G.
862 941 998 980 sancti
1032 940 1245 979 Theodori
1291 940 1455 980 diaconi
1490 942 1716 981 cardinalis
1757 948 1854 983 tunc
1887 945 2023 999 legati

150 1009 381 1061 apostolice
421 1009 538 1049 sedis
579 1010 765 1049 insertus
808 1009 929 1049 nobis
964 1009 1176 1049 exhibitus
1220 1010 1475 1050 continebat.
1510 1011 1620 1063 quod
1662 1024 1753 1052 cum
1787 1024 1843 1052 ex
1884 1014 2025 1055 laicali

148 1078 430 1118 concessione
471 1078 689 1118 haberetis
732 1079 796 1118 ius
831 1079 1075 1130 patronatus
1117 1080 1157 1118 in
1191 1079 1437 1130 quibusdam
1479 1081 1691 1121 ecclesiis.
1731 1094 1811 1122 nec
1852 1094 1934 1122 non
1969 1084 2023 1124 de

149 1145 343 1189 Chatoui.
377 1146 430 1186 de
462 1147 686 1187 Diakouic.
721 1148 773 1187 de
807 1146 995 1189 Cliobze.
1030 1148 1082 1187 de
1120 1148 1342 1199 Rokytinc.
1377 1149 1430 1188 de
1464 1149 1684 1190 Olexouiz.
1719 1151 1772 1191 de
1805 1152 2022 1192 Domamil.

148 1217 202 1257 de
241 1216 449 1256 Lodinnic
493 1221 536 1257 et
575 1217 627 1257 de
670 1217 831 1257 Znoem
872 1217 1098 1257 Ecclesias
1139 1229 1216 1257 sue
1258 1218 1442 1258 diocesis
1483 1230 1590 1271 quas
1632 1232 1723 1260 cum
1767 1221 1939 1261 decimis
1980 1226 2023 1262 et

148 1286 242 1326 aliis
292 1286 556 1338 pertinentiis
604 1288 694 1326 suis
745 1286 1099 1338 predecessorum
1153 1299 1321 1326 suorum
1367 1299 1551 1327 assensu
1608 1290 1769 1329 minime
1818 1292 2022 1342 requisito

147 1356 412 1407 receperatis
452 1355 504 1395 de
545 1356 734 1395 manibus
777 1356 989 1396 laicorum.
1038 1357 1143 1395 idem
1187 1357 1416 1407 episcopus
1462 1358 1612 1401 uolens
1658 1362 1702 1399 ut
1744 1361 2023 1411 possideretis

149 1425 355 1464 canonice
397 1425 505 1477 quod
556 1430 703 1465 contra
745 1429 902 1465 statuta
949 1426 1156 1464 canonica
1202 1425 1455 1465 uidebamini
1502 1426 1709 1467 hactenus
1760 1429 2021 1479 possedisse.

149 1494 271 1534 vobis
306 1495 495 1545 predicta
530 1496 664 1533 omnia
698 1493 968 1534 confirmauit.
1002 1500 1044 1534 et
1076 1493 1304 1533 cardinalis
1345 1495 1560 1546 predictus
1594 1496 1799 1547 inspectis
1834 1498 2022 1539 eiusdem

148 1564 337 1615 episcopi
376 1563 526 1602 litteris
567 1574 696 1614 super
737 1563 816 1603 hoc
859 1562 981 1603 sactis
1021 1565 1061 1603 in
1103 1564 1251 1616 quibus
1292 1564 1477 1618 sigillum
1520 1564 1810 1606 olomucensis
1851 1568 2022 1619 capituli

148 1632 429 1683 dependebat.
464 1632 596 1671 eidem
632 1630 741 1671 sacto
775 1633 904 1671 robur
937 1644 1013 1673 sue
1039 1631 1360 1673 confirmationis
1394 1634 1560 1673 adiecit.
1608 1635 1700 1674 Nos
1734 1636 1867 1690 igitur
1900 1638 2020 1677 iustis

147 1702 345 1754 precibus
378 1702 533 1741 uestris
567 1702 797 1756 benignum
831 1703 1115 1753 impertientes
1150 1714 1384 1742 assensum.
1419 1703 1527 1755 quod
1561 1715 1691 1755 super
1724 1705 1804 1745 hoc
1838 1706 1890 1745 ab
1924 1708 2017 1758 ipso

148 1771 348 1822 episcopo
389 1770 441 1810 de
481 1771 650 1822 capituli
691 1771 755 1827 sui
797 1782 1010 1823 consensu
1050 1773 1118 1823 pie
1166 1784 1217 1812 ac
1257 1772 1431 1824 prouide
1471 1771 1623 1812 sactum
1664 1777 1731 1813 est
1770 1776 2019 1815 auctoritate

146 1840 378 1892 apostoliea
420 1838 708 1879 confirmamus
751 1844 793 1880 et
826 1844 1037 1892 presentis
1077 1842 1224 1892 scripti
1263 1843 1496 1893 patrocinio
1537 1844 1843 1883 communimus.
1907 1845 2019 1884 Nulli

145 1920 256 1964 ergo
291 1909 452 1948 omnino
487 1909 689 1948 hominum
713 1909 839 1950 liceat
871 1910 981 1950 hanc
1015 1911 1217 1965 paginam
1242 1915 1387 1950 nostre
1421 1909 1743 1951 confirmationis
1776 1911 2018 1968 infringere

145 1978 214 2018 uel
249 1978 287 2017 ei
312 1990 417 2017 ausu
451 1979 675 2017 temerario
702 1980 928 2019 contraire.
977 1980 1026 2021 Si
1052 1980 1144 2031 quis
1169 1983 1306 2019 autem
1332 1980 1413 2019 hoc
1440 1984 1690 2032 attemptare
1714 1984 2019 2034 presumpserit

144 2046 481 2100 indignationem
522 2048 814 2099 omnipotentis
855 2049 921 2088 dei
970 2053 1012 2089 et
1051 2050 1268 2089 beatorum
1314 2049 1433 2091 Petri
1476 2053 1518 2089 et
1557 2050 1693 2090 Pauli.
1736 2052 2017 2103 apostolorum

144 2116 249 2155 eius.
283 2127 331 2156 se
364 2117 529 2156 nouerit
561 2117 836 2158 incursurum.
883 2118 1035 2159 Datum
1061 2118 1267 2159 Laterani
1292 2118 1411 2158 XIII.
1437 2119 1658 2159 Kalendas
1690 2120 1811 2160 Iunii.
1861 2121 2010 2161 Ponti-

149 2182 297 2224 ficatus
331 2186 463 2225 nostri
496 2197 605 2225 anno
642 2190 806 2226 octauo.

458 2302 512 2335 Ex
541 2303 734 2344 originali
768 2304 799 2336 in
829 2304 966 2337 archivo
1003 2314 1032 2338 e.
1061 2315 1088 2336 r.
1123 2304 1229 2336 aulico
1264 2304 1546 2338 vindobonae.
1582 2325 1625 2330 —
1660 2306 1955 2349 Apographum
1984 2308 2015 2339 in

561 2354 712 2397 Regesto
736 2356 907 2388 Honorii
931 2357 993 2388 111.
1019 2358 1093 2388 anni
1117 2357 1211 2388 vlll.
1236 2358 1333 2398 epist.
1357 2356 1448 2401 4457
1471 2359 1503 2389 in
1526 2358 1695 2392 tabulariis
1720 2359 1950 2391 Vaticanis.
