2212 2876
1028 61 1094 103 75

130 206 284 246 nostris
317 208 462 258 preter
500 216 721 245 assensum
762 202 997 244 fundatoris
1037 207 1079 243 et
1111 203 1277 242 abbatis
1318 203 1370 242 de
1403 202 1539 261 'Pepla
1579 202 1735 256 sigillis
1778 213 1920 241 eorum
1953 204 1995 241 et

127 275 306 315 testibus
330 276 617 328 premunitunn
641 274 694 314 ad
720 284 1058 326 quorumcunque
1086 274 1206 312 etiam
1231 272 1559 326 suggestionem
1582 272 1799 322 impetrata
1826 269 1994 322 fuerint5

127 343 279 383 nullam
324 344 491 394 penitus
533 343 748 383 obtineant
795 340 1037 381 firmitatem.
1102 342 1167 381 Ne
1216 353 1326 395 ergo
1376 352 1599 392 prauorum
1640 340 1844 379 hominum
1883 339 1994 378 hanc

129 415 275 452 nostre
308 413 617 466 concessionis7
651 410 987 464 confirmationis7
1020 408 1325 450 testificationis
1358 411 1556 464 paginam
1589 409 1723 460 possit
1754 407 1995 462 infringere

128 482 404 535 peruersitas,
439 481 593 532 placuit
632 482 788 532 scripto
822 480 1113 534 commendari,
1153 482 1196 519 et
1228 491 1304 530 per
1344 479 1659 530 impressionem
1700 477 1831 531 sigilli
1864 476 1997 516 nostri

129 554 171 590 et
208 548 352 589 fratris
399 551 532 590 nostri
578 550 806 601 VVadiz-lai,
838 549 1098 589 marchionis
1131 548 1343 599 morante,
1383 551 1426 586 et
1465 546 1726 587 venerabilis
1766 545 1995 596 R(oberti]

132 617 421 658 olomucensis
462 619 666 671 episcopi7
699 618 749 658 ad
794 630 965 670 quorum
997 617 1341 657 intercessionem
1381 616 1461 655 hec
1502 616 1759 669 contulimus7
1792 614 1996 654 roborari.

128 686 282 726 Datum
317 688 356 726 in
391 687 656 728 Olomucensi
690 688 905 739 prouincia
940 688 980 725 in
1016 686 1128 738 villa7
1162 696 1242 736 que
1276 686 1425 725 dicitur
1458 685 1720 739 I‘rostegov7
1755 684 1996 723 acclaman—

128 756 239 795 tibus
282 761 324 796 et
362 756 629 796 laudantibus
671 756 869 796 Bohemis
918 759 960 795 et
999 755 1204 794 Morauis.
1267 755 1392 794 Anno
1443 754 1646 793 dominice
1694 752 1995 792 incarnationis

128 824 190 864 M.
228 822 320 866 CC.
353 826 472 866 XIII.

439 933 493 965 Ex
516 933 710 975 originali
739 934 876 964 monast.
905 931 1127 973 Teplensis
1159 933 1188 962 in
1219 931 1379 962 analectis
1412 930 1450 962 F.
1474 929 1671 971 Palacky.
1701 948 1743 952 —
1767 929 1937 961 Excusum
1961 930 1993 960 in

544 985 778 1027 Annalibus
802 984 1058 1016 praemonstrat.
1082 984 1126 1015 11.
1152 982 1344 1015 DLxxlv.

980 1159 1142 1200 LXIV.

131 1267 379 1317 Hem-icus,
402 1267 473 1318 qui
505 1268 545 1305 et
574 1264 850 1315 Wladislaus,
883 1263 1075 1303 marchio
1100 1263 1338 1310 Morsu-iae,
1363 1262 1575 1314 amplians
1601 1262 1806 1300 civilatem
1829 1261 1998 1301 Bsenec

129 1337 356 1388 (Bisenzjf
395 1336 530 1374 variis
572 1333 827 1374 libertatibus
868 1336 906 1372 el
941 1331 1211 1385 prov-entibus
1244 1331 1367 1370 dolat.
1432 1331 1582 1371 Actum
1621 1332 1665 1369 in
1699 1329 1877 1370 olomuc
1908 1330 1996 1370 111.

767 1402 914 1442 Nonas
947 1402 1166 1451 ,lunum-ii,
1208 1400 1226 1439 1
1240 1400 1269 1439 2
1282 1400 1301 1439 1
1312 1400 1359 1438 4.

798 1469 817 1484 ὑ

258 1497 319 1557 In
344 1516 507 1555 nomine
534 1514 683 1555 domini
708 1525 840 1552 amen.
890 1513 991 1567 Ego
1019 1513 1236 1552 Hem-icus
1260 1512 1331 1562 qui
1357 1513 1396 1549 et
1425 1510 1716 1549 IVladizslaus
1750 1509 1817 1549 dei
1841 1511 1998 1565 gracia

127 1584 311 1625 marchio
338 1584 533 1625 Morauie
565 1584 777 1622 uniuersis
805 1580 963 1622 Christi
997 1579 1185 1620 fidelibus
1219 1584 1299 1619 tam
1325 1580 1535 1619 modernis
1569 1590 1689 1630 quam
1715 1580 1832 1630 ipsos
1864 1591 1996 1619 secu-

129 1655 233 1694 turis
266 1655 306 1693 in
334 1657 589 1704 perpetuum.
640 1651 891 1701 Principalis
916 1648 1105 1701 profecto
1140 1649 1281 1703 glorie
1307 1649 1561 1688 excellentia
1595 1648 1763 1687 clariori
1788 1647 1995 1703 effulgere

129 1724 239 1763 solet
269 1723 432 1762 lumine.
467 1721 559 1761 dum
591 1713 801 1759 ciuitatum
841 1719 1063 1770 amplarum
1097 1718 1346 1770 splendente
1390 1728 1558 1757 numero
1599 1717 1854 1756 circumdata
1895 1728 1995 1757 esse

129 1793 328 1832 cernitur.
376 1791 478 1831 Ideo
511 1789 930 1845 ego·uf1adiszlaus
965 1788 1032 1827 dei
1065 1789 1208 1842 gratia
1243 1787 1426 1826 marchio
1458 1786 1655 1826 Morauie
1687 1787 1835 1826 uolens
1859 1786 1996 1825 uillam

129 1859 340 1901 forensem
372 1861 536 1899 nomine
568 1858 751 1898 Bizince
783 1869 897 1897 muro
931 1855 1027 1896 forti
1060 1861 1310 1896 construere
1351 1859 1393 1895 et
1425 1857 1480 1895 ita
1513 1855 1726 1906 ampliare.
1759 1857 1802 1894 ut
1834 1854 1995 1894 honore

131 1934 174 1970 et
206 1930 483 1983 prerogatiua
523 1931 759 1968 ceterarum
800 1930 1035 1966 nostrarum
1075 1926 1282 1965 ciuitatum
1324 1923 1634 1978 congauderet.
1673 1923 1911 1962 relaxamus
1954 1926 1996 1963 et

129 1999 295 2050 penitus
336 1998 577 2037 remittimus
619 1998 671 2038 ad
712 1997 892 2050 triginta
932 2007 1133 2035 annorum
1173 1994 1351 2044 spatium
1390 1993 1492 2044 ipsis
1532 1992 1695 2032 ciuibus
1736 1991 1788 2031 de
1822 1992 1994 2031 Bisince

131 2078 302 2107 censum
341 2066 606 2106 denariorum
647 2070 690 2105 et
728 2076 948 2104 mensuras
989 2074 1168 2103 annone.
1210 2073 1290 2114 que
1330 2061 1601 2101 serenissime
1642 2060 1804 2100 domine
1837 2061 1994 2114 regine

132 2135 407 2176 Bohemorum
447 2135 610 2174 nomine
653 2133 896 2175 constantie
935 2134 1056 2172 annis
1090 2131 1272 2186 singulis
1312 2129 1561 2182 persoluere
1601 2129 1827 2169 debebant.
1890 2130 1993 2168 Item

131 2204 320 2244 uolumus
352 2208 396 2243 ut
428 2215 483 2243 ex
516 2215 625 2243 nunc
659 2208 701 2243 et
732 2204 772 2242 in
815 2201 990 2242 futurum
1024 2211 1167 2240 omnes
1204 2200 1325 2251 culpe
1358 2199 1399 2238 in
1440 2199 1532 2250 ipsa
1566 2198 1736 2238 ciuitate
1777 2198 1892 2237 iuxta
1926 2198 1990 2236 ius

133 2273 242 2325 quod
275 2285 300 2311 a
340 2273 508 2312 ciuitate
548 2272 833 2312 Breczz'slaua
873 2273 1131 2322 acceperunt
1170 2273 1212 2308 et
1250 2269 1458 2320 antiquam
1496 2266 1839 2307 consuetudinem
1880 2265 1991 2305 iudi-

132 2346 294 2381 centur.
328 2345 472 2392 preter
505 2352 668 2395 graues
700 2341 845 2392 culpas
878 2352 958 2392 que
991 2351 1132 2379 coram
1155 2338 1277 2377 nobis
1309 2338 1377 2378 uel
1411 2338 1565 2377 nostris
1599 2336 1804 2375 iudicibus
1838 2334 1993 2374 debent

132 2410 321 2450 iudicari.
366 2410 468 2449 Item
500 2410 645 2449 siluam
677 2421 757 2461 que
789 2409 1031 2463 vulgariter
1063 2408 1212 2447 dicitur
1237 2407 1453 2446 Dubraua.
1486 2406 1591 2457 ipsis
1623 2404 1823 2444 tradimus
1855 2404 1992 2442 extir-

132 2479 310 2530 pandam
342 2479 411 2518 uel
444 2479 484 2517 in
523 2490 627 2518 usus
658 2485 760 2518 suos
793 2478 1053 2518 retinendam
1091 2475 1321 2516 secundum
1353 2474 1464 2528 quod
1503 2474 1584 2514 sibi
1617 2473 1835 2525 placuerit.
1870 2482 1990 2524 quam

1574 2539 1682 2582 10*
