<?xml version="1.0" encoding="UTF-8"?>
<!DOCTYPE html PUBLIC "-//W3C//DTD XHTML 1.0 Transitional//EN"
    "http://www.w3.org/TR/xhtml1/DTD/xhtml1-transitional.dtd">
<html xmlns="http://www.w3.org/1999/xhtml" xml:lang="en" lang="en">
 <head>
  <title>
</title>
<meta http-equiv="Content-Type" content="text/html;charset=utf-8" />
  <meta name='ocr-system' content='tesseract 3.04.00' />
  <meta name='ocr-capabilities' content='ocr_page ocr_carea ocr_par ocr_line ocrx_word'/>
</head>
<body>
  <div class='ocr_page' id='page_1' title='image "./codexdiplomaticu02morauoft_0061.png"; bbox 0 0 2212 2876; ppageno 0'>
   <div class='ocr_carea' id='block_1_1' title="bbox 1014 68 1077 109">
    <p class='ocr_par' dir='ltr' id='par_1_1' title="bbox 1014 68 1077 109">
     <span class='ocr_line' id='line_1_1' title="bbox 1014 68 1077 109; baseline -0.016 0"><span class='ocrx_word' id='word_1_1' title='bbox 1014 68 1077 109; x_wconf 85' lang='lat'>51</span> 
     </span>
    </p>
   </div>
   <div class='ocr_carea' id='block_1_2' title="bbox 967 211 1130 252">
    <p class='ocr_par' dir='ltr' id='par_1_2' title="bbox 967 211 1130 252">
     <span class='ocr_line' id='line_1_2' title="bbox 967 211 1130 252; baseline -0.018 0"><span class='ocrx_word' id='word_1_2' title='bbox 967 211 1130 252; x_wconf 74' lang='lat' dir='ltr'>XLIII.</span> 
     </span>
    </p>
   </div>
   <div class='ocr_carea' id='block_1_3' title="bbox 107 312 1984 525">
    <p class='ocr_par' dir='ltr' id='par_1_3' title="bbox 107 312 1984 525">
     <span class='ocr_line' id='line_1_3' title="bbox 237 312 1983 386; baseline -0.005 -13"><span class='ocrx_word' id='word_1_3' title='bbox 237 312 525 374; x_wconf 84' lang='lat' dir='ltr'>Innocentius</span> <span class='ocrx_word' id='word_1_4' title='bbox 565 342 673 383; x_wconf 85' lang='lat' dir='ltr'>papa</span> <span class='ocrx_word' id='word_1_5' title='bbox 722 331 798 371; x_wconf 91' lang='grc' dir='ltr'>ΠΙ.</span> <span class='ocrx_word' id='word_1_6' title='bbox 841 331 981 372; x_wconf 86' lang='lat' dir='ltr'>Ottoni</span> <span class='ocrx_word' id='word_1_7' title='bbox 1028 332 1128 386; x_wconf 78' lang='lat' dir='ltr'>regi</span> <span class='ocrx_word' id='word_1_8' title='bbox 1169 332 1343 381; x_wconf 79' lang='lat' dir='ltr'>nuntiat,</span> <span class='ocrx_word' id='word_1_9' title='bbox 1385 338 1494 381; x_wconf 88' lang='lat' dir='ltr'>quae</span> <span class='ocrx_word' id='word_1_10' title='bbox 1541 337 1617 378; x_wconf 91' lang='lat' dir='ltr'>pro</span> <span class='ocrx_word' id='word_1_11' title='bbox 1659 325 1752 378; x_wconf 89' lang='lat' dir='ltr'>ejus</span> <span class='ocrx_word' id='word_1_12' title='bbox 1792 324 1983 379; x_wconf 82' lang='lat' dir='ltr'>negotiis</span> 
     </span>
     <span class='ocr_line' id='line_1_4' title="bbox 107 394 1984 453; baseline -0.003 -12"><span class='ocrx_word' id='word_1_13' title='bbox 107 400 218 453; x_wconf 86' lang='lat' dir='ltr'>apud</span> <span class='ocrx_word' id='word_1_14' title='bbox 252 401 465 451; x_wconf 78' lang='lat' dir='ltr'>principes</span> <span class='ocrx_word' id='word_1_15' title='bbox 490 400 648 451; x_wconf 90' lang='lat' dir='ltr'>imperii</span> <span class='ocrx_word' id='word_1_16' title='bbox 683 401 818 452; x_wconf 77' lang='lat' dir='ltr'>[inter</span> <span class='ocrx_word' id='word_1_17' title='bbox 843 412 948 453; x_wconf 91' lang='lat' dir='ltr'>quos</span> <span class='ocrx_word' id='word_1_18' title='bbox 974 402 1098 441; x_wconf 88' lang='lat' dir='ltr'>etiam</span> <span class='ocrx_word' id='word_1_19' title='bbox 1129 413 1214 440; x_wconf 60' lang='lat' dir='ltr'>rem·</span> <span class='ocrx_word' id='word_1_20' title='bbox 1239 399 1466 448; x_wconf 73' lang='lat' dir='ltr'>Boemae‘ac)</span> <span class='ocrx_word' id='word_1_21' title='bbox 1501 394 1795 449; x_wconf 85' lang='lat' dir='ltr'>promovendis</span> <span class='ocrx_word' id='word_1_22' title='bbox 1824 406 1984 447; x_wconf 84' lang='lat' dir='ltr'>nuper-</span> 
     </span>
     <span class='ocr_line' id='line_1_5' title="bbox 108 469 977 525; baseline -0.001 -14"><span class='ocrx_word' id='word_1_23' title='bbox 108 472 210 511; x_wconf 86' lang='lat' dir='ltr'>rime</span> <span class='ocrx_word' id='word_1_24' title='bbox 244 471 401 525; x_wconf 83' lang='lat' dir='ltr'>egerit.</span> <span class='ocrx_word' id='word_1_25' title='bbox 435 469 483 509; x_wconf 84' lang='lat'>4.</span> <span class='ocrx_word' id='word_1_26' title='bbox 516 469 783 524; x_wconf 77' lang='lat' dir='ltr'>Decembris,</span> <span class='ocrx_word' id='word_1_27' title='bbox 824 470 977 512; x_wconf 86' lang='grc'><strong>1208.</strong></span> 
     </span>
    </p>
   </div>
   <div class='ocr_carea' id='block_1_4' title="bbox 422 584 862 628">
    <p class='ocr_par' dir='ltr' id='par_1_4' title="bbox 422 584 862 628">
     <span class='ocr_line' id='line_1_6' title="bbox 422 584 862 628; baseline 0.005 -10"><span class='ocrx_word' id='word_1_28' title='bbox 422 585 579 619; x_wconf 87' lang='lat' dir='ltr'>Ibidem</span> <span class='ocrx_word' id='word_1_29' title='bbox 605 587 746 628; x_wconf 84' lang='lat' dir='ltr'>epistola</span> <span class='ocrx_word' id='word_1_30' title='bbox 772 584 862 620; x_wconf 79' lang='lat'>168.</span> 
     </span>
    </p>
   </div>
   <div class='ocr_carea' id='block_1_5' title="bbox 965 748 1128 787">
    <p class='ocr_par' dir='ltr' id='par_1_5' title="bbox 965 748 1128 787">
     <span class='ocr_line' id='line_1_7' title="bbox 965 748 1128 787; baseline -0.006 0"><span class='ocrx_word' id='word_1_31' title='bbox 965 748 1128 787; x_wconf 71' lang='lat' dir='ltr'>xhlv.</span> 
     </span>
    </p>
   </div>
   <div class='ocr_carea' id='block_1_6' title="bbox 110 848 1987 990">
    <p class='ocr_par' dir='ltr' id='par_1_6' title="bbox 110 848 1987 990">
     <span class='ocr_line' id='line_1_8' title="bbox 240 848 1987 919; baseline -0.003 -12"><span class='ocrx_word' id='word_1_32' title='bbox 240 848 524 908; x_wconf 79' lang='lat' dir='ltr'>Innocentius</span> <span class='ocrx_word' id='word_1_33' title='bbox 565 879 674 918; x_wconf 86' lang='lat' dir='ltr'>papa</span> <span class='ocrx_word' id='word_1_34' title='bbox 718 867 791 908; x_wconf 88' lang='grc' dir='ltr'><strong>ΙΙΙ.</strong></span> <span class='ocrx_word' id='word_1_35' title='bbox 833 869 926 919; x_wconf 70' lang='lat' dir='ltr'>reyi</span> <span class='ocrx_word' id='word_1_36' title='bbox 963 868 1169 907; x_wconf 76' lang='lat' dir='ltr'>Boeme&#39;ae</span> <span class='ocrx_word' id='word_1_37' title='bbox 1209 866 1476 918; x_wconf 85' lang='lat' dir='ltr'>respondens</span> <span class='ocrx_word' id='word_1_38' title='bbox 1525 863 1689 918; x_wconf 76' lang='lat' dir='ltr'>suadet7</span> <span class='ocrx_word' id='word_1_39' title='bbox 1730 874 1783 902; x_wconf 92' lang='lat' dir='ltr'>ne</span> <span class='ocrx_word' id='word_1_40' title='bbox 1824 861 1987 902; x_wconf 83' lang='lat' dir='ltr'>differat</span> 
     </span>
     <span class='ocr_line' id='line_1_9' title="bbox 110 931 1916 990; baseline -0.002 -15"><span class='ocrx_word' id='word_1_41' title='bbox 110 936 411 976; x_wconf 81' lang='lat' dir='ltr'>adhaesionem</span> <span class='ocrx_word' id='word_1_42' title='bbox 445 937 544 990; x_wconf 74' lang='lat' dir='ltr'>regi</span> <span class='ocrx_word' id='word_1_43' title='bbox 579 936 718 976; x_wconf 83' lang='lat' dir='ltr'>Ottoni</span> <span class='ocrx_word' id='word_1_44' title='bbox 753 937 934 977; x_wconf 83' lang='lat' dir='ltr'>debitam</span> <span class='ocrx_word' id='word_1_45' title='bbox 967 942 1009 977; x_wconf 86' lang='lat' dir='ltr'>et</span> <span class='ocrx_word' id='word_1_46' title='bbox 1042 938 1300 989; x_wconf 79' lang='lat' dir='ltr'>promissam.</span> <span class='ocrx_word' id='word_1_47' title='bbox 1343 936 1420 975; x_wconf 87' lang='grc'><strong>12.</strong></span> <span class='ocrx_word' id='word_1_48' title='bbox 1455 934 1723 988; x_wconf 65' lang='lat' dir='ltr'>Decembris,</span> <span class='ocrx_word' id='word_1_49' title='bbox 1764 931 1916 973; x_wconf 82' lang='grc'><strong>1208.</strong></span> 
     </span>
    </p>
   </div>
   <div class='ocr_carea' id='block_1_7' title="bbox 426 1052 862 1095">
    <p class='ocr_par' dir='ltr' id='par_1_7' title="bbox 426 1052 862 1095">
     <span class='ocr_line' id='line_1_10' title="bbox 426 1052 862 1095; baseline 0 -9"><span class='ocrx_word' id='word_1_50' title='bbox 426 1053 582 1086; x_wconf 87' lang='lat' dir='ltr'>Ibidem</span> <span class='ocrx_word' id='word_1_51' title='bbox 607 1055 747 1095; x_wconf 79' lang='lat' dir='ltr'>epistola</span> <span class='ocrx_word' id='word_1_52' title='bbox 777 1052 862 1086; x_wconf 76' lang='lat'>176.</span> 
     </span>
    </p>
   </div>
   <div class='ocr_carea' id='block_1_8' title="bbox 978 1227 1121 1268">
    <p class='ocr_par' dir='ltr' id='par_1_8' title="bbox 978 1227 1121 1268">
     <span class='ocr_line' id='line_1_11' title="bbox 978 1227 1121 1268; baseline -0.014 0"><span class='ocrx_word' id='word_1_53' title='bbox 978 1227 1121 1268; x_wconf 76' lang='lat' dir='ltr'>XLV.</span> 
     </span>
    </p>
   </div>
   <div class='ocr_carea' id='block_1_9' title="bbox 116 1335 1988 1517">
    <p class='ocr_par' dir='ltr' id='par_1_9' title="bbox 116 1335 1988 1517">
     <span class='ocr_line' id='line_1_12' title="bbox 119 1335 1988 1392; baseline -0.001 -13"><span class='ocrx_word' id='word_1_54' title='bbox 119 1335 332 1391; x_wconf 54' lang='lat' dir='ltr'>premysl,</span> <span class='ocrx_word' id='word_1_55' title='bbox 366 1351 449 1378; x_wconf 67' lang='lat' dir='ltr'>rex</span> <span class='ocrx_word' id='word_1_56' title='bbox 472 1339 745 1387; x_wconf 70' lang='lat' dir='ltr'>Romam-um,</span> <span class='ocrx_word' id='word_1_57' title='bbox 773 1340 940 1392; x_wconf 76' lang='lat' dir='ltr'>confer!</span> <span class='ocrx_word' id='word_1_58' title='bbox 970 1340 1190 1379; x_wconf 71' lang='lat' dir='ltr'>canonicis·</span> <span class='ocrx_word' id='word_1_59' title='bbox 1223 1338 1428 1378; x_wconf 73' lang='lat' dir='ltr'>ecclesiae</span> <span class='ocrx_word' id='word_1_60' title='bbox 1453 1337 1749 1379; x_wconf 72' lang='lat' dir='ltr'>olomucensis</span> <span class='ocrx_word' id='word_1_61' title='bbox 1782 1337 1825 1377; x_wconf 77' lang='lat' dir='ltr'>in</span> <span class='ocrx_word' id='word_1_62' title='bbox 1849 1348 1988 1377; x_wconf 81' lang='lat' dir='ltr'>reme-</span> 
     </span>
     <span class='ocr_line' id='line_1_13' title="bbox 116 1405 1988 1461; baseline -0.001 -14"><span class='ocrx_word' id='word_1_63' title='bbox 116 1408 229 1448; x_wconf 75' lang='lat' dir='ltr'>dium</span> <span class='ocrx_word' id='word_1_64' title='bbox 264 1410 431 1447; x_wconf 71' lang='lat' dir='ltr'>animae</span> <span class='ocrx_word' id='word_1_65' title='bbox 459 1409 540 1461; x_wconf 66' lang='lat' dir='ltr'>filii</span> <span class='ocrx_word' id='word_1_66' title='bbox 579 1410 647 1448; x_wconf 71' lang='lat' dir='ltr'>sui</span> <span class='ocrx_word' id='word_1_67' title='bbox 694 1409 915 1449; x_wconf 69' lang='lat' dir='ltr'>Wrate‘slai</span> <span class='ocrx_word' id='word_1_68' title='bbox 953 1409 1098 1448; x_wconf 65' lang='lat' dir='ltr'>villam</span> <span class='ocrx_word' id='word_1_69' title='bbox 1140 1407 1462 1448; x_wconf 70' lang='lat' dir='ltr'>Nedacltlcbt&#39;ce.</span> <span class='ocrx_word' id='word_1_70' title='bbox 1512 1409 1672 1447; x_wconf 75' lang='lat' dir='ltr'>Datum</span> <span class='ocrx_word' id='word_1_71' title='bbox 1705 1407 1749 1446; x_wconf 77' lang='lat' dir='ltr'>in</span> <span class='ocrx_word' id='word_1_72' title='bbox 1783 1405 1988 1457; x_wconf 55' lang='lat' dir='ltr'>(jv-emsa,</span> 
     </span>
     <span class='ocr_line' id='line_1_14' title="bbox 977 1477 1129 1517; baseline 0 -1"><span class='ocrx_word' id='word_1_73' title='bbox 977 1477 1129 1517; x_wconf 86' lang='grc'><strong>1209.</strong></span> 
     </span>
    </p>
   </div>
   <div class='ocr_carea' id='block_1_10' title="bbox 115 1579 1994 2547">
    <p class='ocr_par' dir='ltr' id='par_1_10' title="bbox 115 1579 1994 2547">
     <span class='ocr_line' id='line_1_15' title="bbox 245 1579 1990 1639; baseline -0.001 0"><span class='ocrx_word' id='word_1_74' title='bbox 245 1579 306 1639; x_wconf 82' lang='lat' dir='ltr'>In</span> <span class='ocrx_word' id='word_1_75' title='bbox 346 1598 509 1637; x_wconf 89' lang='lat' dir='ltr'>nomine</span> <span class='ocrx_word' id='word_1_76' title='bbox 549 1602 699 1637; x_wconf 85' lang='lat' dir='ltr'>sancte</span> <span class='ocrx_word' id='word_1_77' title='bbox 741 1603 784 1638; x_wconf 89' lang='lat' dir='ltr'>et</span> <span class='ocrx_word' id='word_1_78' title='bbox 824 1598 1035 1638; x_wconf 81' lang='lat' dir='ltr'>indiuiduo</span> <span class='ocrx_word' id='word_1_79' title='bbox 1077 1599 1272 1638; x_wconf 74' lang='lat' dir='ltr'>trinitatis</span> <span class='ocrx_word' id='word_1_80' title='bbox 1320 1609 1453 1637; x_wconf 88' lang='lat' dir='ltr'>amen.</span> <span class='ocrx_word' id='word_1_81' title='bbox 1516 1597 1666 1636; x_wconf 78' lang='lat' dir='ltr'>Notum</span> <span class='ocrx_word' id='word_1_82' title='bbox 1707 1597 1762 1636; x_wconf 86' lang='lat' dir='ltr'>sit</span> <span class='ocrx_word' id='word_1_83' title='bbox 1801 1597 1990 1637; x_wconf 89' lang='lat' dir='ltr'>omnibus</span> 
     </span>
     <span class='ocr_line' id='line_1_16' title="bbox 115 1665 1990 1722; baseline -0.001 -16"><span class='ocrx_word' id='word_1_84' title='bbox 115 1671 195 1707; x_wconf 85' lang='lat' dir='ltr'>tam</span> <span class='ocrx_word' id='word_1_85' title='bbox 222 1667 492 1719; x_wconf 81' lang='lat' dir='ltr'>presentibus</span> <span class='ocrx_word' id='word_1_86' title='bbox 521 1678 639 1718; x_wconf 82' lang='lat' dir='ltr'>quam</span> <span class='ocrx_word' id='word_1_87' title='bbox 668 1665 816 1707; x_wconf 82' lang='lat' dir='ltr'>suturis</span> <span class='ocrx_word' id='word_1_88' title='bbox 850 1668 957 1719; x_wconf 80' lang='lat' dir='ltr'>quod</span> <span class='ocrx_word' id='word_1_89' title='bbox 985 1679 1072 1722; x_wconf 79' lang='lat' dir='ltr'>ego</span> <span class='ocrx_word' id='word_1_90' title='bbox 1097 1667 1316 1706; x_wconf 69' lang='lat' dir='ltr'>Pre&#39;muzil</span> <span class='ocrx_word' id='word_1_91' title='bbox 1342 1667 1407 1706; x_wconf 94' lang='lat' dir='ltr'>dei</span> <span class='ocrx_word' id='word_1_92' title='bbox 1437 1667 1590 1720; x_wconf 78' lang='lat' dir='ltr'>gracia</span> <span class='ocrx_word' id='word_1_93' title='bbox 1627 1678 1704 1705; x_wconf 88' lang='lat' dir='ltr'>rex</span> <span class='ocrx_word' id='word_1_94' title='bbox 1732 1667 1990 1706; x_wconf 87' lang='lat' dir='ltr'>Boemorum.</span> 
     </span>
     <span class='ocr_line' id='line_1_17' title="bbox 119 1736 1991 1793; baseline -0.001 -17"><span class='ocrx_word' id='word_1_95' title='bbox 119 1748 199 1776; x_wconf 89' lang='lat' dir='ltr'>una</span> <span class='ocrx_word' id='word_1_96' title='bbox 221 1748 310 1775; x_wconf 86' lang='lat' dir='ltr'>cum</span> <span class='ocrx_word' id='word_1_97' title='bbox 335 1736 524 1789; x_wconf 75' lang='lat' dir='ltr'>coniuge</span> <span class='ocrx_word' id='word_1_98' title='bbox 548 1747 640 1793; x_wconf 79' lang='lat' dir='ltr'>mea</span> <span class='ocrx_word' id='word_1_99' title='bbox 669 1737 913 1775; x_wconf 68' lang='lat' dir='ltr'>constancia</span> <span class='ocrx_word' id='word_1_100' title='bbox 932 1738 1086 1792; x_wconf 81' lang='lat' dir='ltr'>regina</span> <span class='ocrx_word' id='word_1_101' title='bbox 1115 1738 1298 1776; x_wconf 90' lang='lat' dir='ltr'>Boemie.</span> <span class='ocrx_word' id='word_1_102' title='bbox 1323 1748 1504 1775; x_wconf 88' lang='lat' dir='ltr'>assensu</span> <span class='ocrx_word' id='word_1_103' title='bbox 1531 1736 1730 1775; x_wconf 85' lang='lat' dir='ltr'>baronum</span> <span class='ocrx_word' id='word_1_104' title='bbox 1755 1740 1991 1775; x_wconf 86' lang='lat' dir='ltr'>nostrorum</span> 
     </span>
     <span class='ocr_line' id='line_1_18' title="bbox 116 1803 1990 1857; baseline 0.001 -13"><span class='ocrx_word' id='word_1_105' title='bbox 116 1805 254 1845; x_wconf 79' lang='lat' dir='ltr'>uillam</span> <span class='ocrx_word' id='word_1_106' title='bbox 281 1816 362 1856; x_wconf 85' lang='lat' dir='ltr'>que</span> <span class='ocrx_word' id='word_1_107' title='bbox 394 1804 652 1844; x_wconf 55' lang='lat' dir='ltr'>Nedao-leb&amp;-</span> <span class='ocrx_word' id='word_1_108' title='bbox 677 1810 954 1856; x_wconf 87' lang='lat' dir='ltr'>nuncupatur.</span> <span class='ocrx_word' id='word_1_109' title='bbox 989 1818 1063 1857; x_wconf 90' lang='lat' dir='ltr'>pro</span> <span class='ocrx_word' id='word_1_110' title='bbox 1091 1805 1273 1845; x_wconf 89' lang='lat' dir='ltr'>remedio</span> <span class='ocrx_word' id='word_1_111' title='bbox 1307 1807 1455 1845; x_wconf 85' lang='lat' dir='ltr'>anime.</span> <span class='ocrx_word' id='word_1_112' title='bbox 1486 1803 1551 1844; x_wconf 87' lang='lat' dir='ltr'>filii</span> <span class='ocrx_word' id='word_1_113' title='bbox 1586 1805 1718 1844; x_wconf 87' lang='lat' dir='ltr'>nostri</span> <span class='ocrx_word' id='word_1_114' title='bbox 1752 1805 1990 1845; x_wconf 74' lang='lat' dir='ltr'>IVralizlai.</span> 
     </span>
     <span class='ocr_line' id='line_1_19' title="bbox 117 1873 1990 1926; baseline 0 -12"><span class='ocrx_word' id='word_1_115' title='bbox 117 1875 375 1926; x_wconf 90' lang='lat' dir='ltr'>omniumque</span> <span class='ocrx_word' id='word_1_116' title='bbox 416 1873 768 1925; x_wconf 87' lang='lat' dir='ltr'>predecessorum</span> <span class='ocrx_word' id='word_1_117' title='bbox 817 1879 1064 1914; x_wconf 88' lang='lat' dir='ltr'>nostrorum.</span> <span class='ocrx_word' id='word_1_118' title='bbox 1108 1875 1324 1914; x_wconf 84' lang='lat' dir='ltr'>canonicis</span> <span class='ocrx_word' id='word_1_119' title='bbox 1366 1875 1645 1915; x_wconf 83' lang='lat' dir='ltr'>olomucensis</span> <span class='ocrx_word' id='word_1_120' title='bbox 1686 1875 1872 1913; x_wconf 88' lang='lat' dir='ltr'>ecclesie</span> <span class='ocrx_word' id='word_1_121' title='bbox 1912 1874 1990 1914; x_wconf 92' lang='lat' dir='ltr'>sub</span> 
     </span>
     <span class='ocr_line' id='line_1_20' title="bbox 118 1943 1992 1995; baseline 0 -11"><span class='ocrx_word' id='word_1_122' title='bbox 118 1945 209 1984; x_wconf 86' lang='lat' dir='ltr'>iure</span> <span class='ocrx_word' id='word_1_123' title='bbox 243 1944 512 1994; x_wconf 85' lang='lat' dir='ltr'>episcopatus</span> <span class='ocrx_word' id='word_1_124' title='bbox 553 1944 798 1983; x_wconf 87' lang='lat' dir='ltr'>contulimus</span> <span class='ocrx_word' id='word_1_125' title='bbox 842 1944 1152 1995; x_wconf 81' lang='lat' dir='ltr'>possidendam.</span> <span class='ocrx_word' id='word_1_126' title='bbox 1217 1943 1420 1993; x_wconf 83' lang='lat' dir='ltr'>Quoniam</span> <span class='ocrx_word' id='word_1_127' title='bbox 1463 1947 1601 1983; x_wconf 88' lang='lat' dir='ltr'>autem</span> <span class='ocrx_word' id='word_1_128' title='bbox 1640 1947 1758 1983; x_wconf 86' lang='lat' dir='ltr'>recte</span> <span class='ocrx_word' id='word_1_129' title='bbox 1800 1944 1992 1984; x_wconf 85' lang='lat' dir='ltr'>locantur</span> 
     </span>
     <span class='ocr_line' id='line_1_21' title="bbox 118 2011 1992 2067; baseline 0 -14"><span class='ocrx_word' id='word_1_130' title='bbox 118 2011 336 2053; x_wconf 86' lang='lat' dir='ltr'>beneficia.</span> <span class='ocrx_word' id='word_1_131' title='bbox 370 2012 440 2051; x_wconf 94' lang='lat' dir='ltr'>ubi</span> <span class='ocrx_word' id='word_1_132' title='bbox 473 2018 674 2053; x_wconf 90' lang='lat' dir='ltr'>crescunt</span> <span class='ocrx_word' id='word_1_133' title='bbox 698 2014 786 2052; x_wconf 83' lang='lat' dir='ltr'>vite</span> <span class='ocrx_word' id='word_1_134' title='bbox 819 2014 978 2053; x_wconf 87' lang='lat' dir='ltr'>merita.</span> <span class='ocrx_word' id='word_1_135' title='bbox 1014 2014 1067 2053; x_wconf 93' lang='lat' dir='ltr'>ibi</span> <span class='ocrx_word' id='word_1_136' title='bbox 1095 2013 1298 2053; x_wconf 87' lang='lat' dir='ltr'>decenter</span> <span class='ocrx_word' id='word_1_137' title='bbox 1332 2014 1562 2064; x_wconf 88' lang='lat' dir='ltr'>impertitur</span> <span class='ocrx_word' id='word_1_138' title='bbox 1595 2013 1763 2067; x_wconf 83' lang='lat' dir='ltr'>gracia.</span> <span class='ocrx_word' id='word_1_139' title='bbox 1796 2013 1867 2052; x_wconf 88' lang='lat' dir='ltr'>ubi</span> <span class='ocrx_word' id='word_1_140' title='bbox 1901 2025 1992 2053; x_wconf 92' lang='lat' dir='ltr'>cum</span> 
     </span>
     <span class='ocr_line' id='line_1_22' title="bbox 119 2081 1991 2136; baseline 0 -15"><span class='ocrx_word' id='word_1_141' title='bbox 119 2083 288 2134; x_wconf 90' lang='lat' dir='ltr'>premiis</span> <span class='ocrx_word' id='word_1_142' title='bbox 311 2081 541 2121; x_wconf 89' lang='lat' dir='ltr'>cumulatur</span> <span class='ocrx_word' id='word_1_143' title='bbox 563 2082 727 2136; x_wconf 78' lang='lat' dir='ltr'>gloria:</span> <span class='ocrx_word' id='word_1_144' title='bbox 762 2081 826 2122; x_wconf 86' lang='lat' dir='ltr'>Ob</span> <span class='ocrx_word' id='word_1_145' title='bbox 856 2082 936 2121; x_wconf 87' lang='lat' dir='ltr'>hoc</span> <span class='ocrx_word' id='word_1_146' title='bbox 963 2083 1139 2122; x_wconf 88' lang='lat' dir='ltr'>eandem</span> <span class='ocrx_word' id='word_1_147' title='bbox 1163 2082 1302 2122; x_wconf 84' lang='lat' dir='ltr'>uillam</span> <span class='ocrx_word' id='word_1_148' title='bbox 1332 2082 1385 2121; x_wconf 85' lang='lat' dir='ltr'>ab</span> <span class='ocrx_word' id='word_1_149' title='bbox 1413 2082 1518 2121; x_wconf 91' lang='lat' dir='ltr'>omni</span> <span class='ocrx_word' id='word_1_150' title='bbox 1545 2081 1707 2121; x_wconf 87' lang='lat' dir='ltr'>honere</span> <span class='ocrx_word' id='word_1_151' title='bbox 1734 2082 1991 2121; x_wconf 85' lang='lat' dir='ltr'>tributorum.</span> 
     </span>
     <span class='ocr_line' id='line_1_23' title="bbox 120 2150 1992 2204; baseline -0.001 -13"><span class='ocrx_word' id='word_1_152' title='bbox 120 2150 394 2204; x_wconf 76' lang='lat' dir='ltr'>vectigalium</span> <span class='ocrx_word' id='word_1_153' title='bbox 439 2150 710 2191; x_wconf 86' lang='lat' dir='ltr'>collectarum</span> <span class='ocrx_word' id='word_1_154' title='bbox 758 2162 837 2191; x_wconf 87' lang='lat' dir='ltr'>seu</span> <span class='ocrx_word' id='word_1_155' title='bbox 885 2151 1152 2191; x_wconf 88' lang='lat' dir='ltr'>denariorum</span> <span class='ocrx_word' id='word_1_156' title='bbox 1203 2151 1272 2202; x_wconf 84' lang='lat' dir='ltr'>qui</span> <span class='ocrx_word' id='word_1_157' title='bbox 1313 2151 1628 2202; x_wconf 79' lang='lat' dir='ltr'>quatuordecim</span> <span class='ocrx_word' id='word_1_158' title='bbox 1676 2157 1885 2190; x_wconf 77' lang='lat' dir='ltr'>uocantur</span> <span class='ocrx_word' id='word_1_159' title='bbox 1924 2152 1992 2191; x_wconf 89' lang='lat' dir='ltr'>uel</span> 
     </span>
     <span class='ocr_line' id='line_1_24' title="bbox 120 2220 1991 2272; baseline -0.001 -12"><span class='ocrx_word' id='word_1_160' title='bbox 120 2220 293 2260; x_wconf 87' lang='lat' dir='ltr'>aliarum</span> <span class='ocrx_word' id='word_1_161' title='bbox 326 2220 590 2260; x_wconf 83' lang='lat' dir='ltr'>exactionum</span> <span class='ocrx_word' id='word_1_162' title='bbox 614 2220 802 2260; x_wconf 87' lang='lat' dir='ltr'>uolumus</span> <span class='ocrx_word' id='word_1_163' title='bbox 835 2225 1040 2272; x_wconf 89' lang='lat' dir='ltr'>perpetuo</span> <span class='ocrx_word' id='word_1_164' title='bbox 1072 2231 1173 2260; x_wconf 89' lang='lat' dir='ltr'>esse</span> <span class='ocrx_word' id='word_1_165' title='bbox 1206 2220 1452 2259; x_wconf 82' lang='lat' dir='ltr'>absolutam.</span> <span class='ocrx_word' id='word_1_166' title='bbox 1501 2220 1752 2260; x_wconf 88' lang='lat' dir='ltr'>Adicientes</span> <span class='ocrx_word' id='word_1_167' title='bbox 1778 2224 1822 2260; x_wconf 87' lang='lat' dir='ltr'>ut</span> <span class='ocrx_word' id='word_1_168' title='bbox 1856 2221 1991 2259; x_wconf 83' lang='lat' dir='ltr'>nulius</span> 
     </span>
     <span class='ocr_line' id='line_1_25' title="bbox 121 2287 1990 2344; baseline 0 -17"><span class='ocrx_word' id='word_1_169' title='bbox 121 2301 196 2341; x_wconf 90' lang='lat' dir='ltr'>pro</span> <span class='ocrx_word' id='word_1_170' title='bbox 231 2292 462 2328; x_wconf 88' lang='lat' dir='ltr'>castrorum</span> <span class='ocrx_word' id='word_1_171' title='bbox 503 2287 776 2329; x_wconf 85' lang='lat' dir='ltr'>edificacione</span> <span class='ocrx_word' id='word_1_172' title='bbox 817 2290 886 2330; x_wconf 92' lang='lat' dir='ltr'>uel</span> <span class='ocrx_word' id='word_1_173' title='bbox 927 2287 1265 2330; x_wconf 85' lang='lat' dir='ltr'>reedificacione.</span> <span class='ocrx_word' id='word_1_174' title='bbox 1308 2289 1443 2328; x_wconf 86' lang='lat' dir='ltr'>nullus</span> <span class='ocrx_word' id='word_1_175' title='bbox 1483 2301 1558 2341; x_wconf 89' lang='lat' dir='ltr'>pro</span> <span class='ocrx_word' id='word_1_176' title='bbox 1592 2290 1990 2344; x_wconf 78' lang='lat' dir='ltr'>aliqua·ingruenti</span> 
     </span>
     <span class='ocr_line' id='line_1_26' title="bbox 123 2357 1992 2411; baseline 0.001 -15"><span class='ocrx_word' id='word_1_177' title='bbox 123 2357 403 2409; x_wconf 84' lang='lat' dir='ltr'>expedicione</span> <span class='ocrx_word' id='word_1_178' title='bbox 453 2357 642 2397; x_wconf 89' lang='lat' dir='ltr'>homines</span> <span class='ocrx_word' id='word_1_179' title='bbox 691 2358 883 2410; x_wconf 89' lang='lat' dir='ltr'>predicte</span> <span class='ocrx_word' id='word_1_180' title='bbox 924 2359 1023 2398; x_wconf 89' lang='lat' dir='ltr'>uille</span> <span class='ocrx_word' id='word_1_181' title='bbox 1078 2358 1234 2399; x_wconf 84' lang='lat' dir='ltr'>audeat</span> <span class='ocrx_word' id='word_1_182' title='bbox 1274 2359 1524 2410; x_wconf 85' lang='lat' dir='ltr'>inquietare.</span> <span class='ocrx_word' id='word_1_183' title='bbox 1589 2359 1661 2398; x_wconf 90' lang='lat' dir='ltr'>Ius</span> <span class='ocrx_word' id='word_1_184' title='bbox 1710 2359 1842 2398; x_wconf 81' lang='lat' dir='ltr'>eciam</span> <span class='ocrx_word' id='word_1_185' title='bbox 1882 2360 1992 2411; x_wconf 89' lang='lat' dir='ltr'>quod</span> 
     </span>
     <span class='ocr_line' id='line_1_27' title="bbox 123 2425 1994 2477; baseline 0.002 -12"><span class='ocrx_word' id='word_1_186' title='bbox 123 2426 246 2466; x_wconf 90' lang='lat' dir='ltr'>datur</span> <span class='ocrx_word' id='word_1_187' title='bbox 277 2437 354 2477; x_wconf 91' lang='lat' dir='ltr'>pro</span> <span class='ocrx_word' id='word_1_188' title='bbox 388 2427 538 2477; x_wconf 85' lang='lat' dir='ltr'>capite.</span> <span class='ocrx_word' id='word_1_189' title='bbox 570 2427 634 2466; x_wconf 88' lang='lat' dir='ltr'>eis</span> <span class='ocrx_word' id='word_1_190' title='bbox 661 2429 961 2467; x_wconf 87' lang='lat' dir='ltr'>concessimus.</span> <span class='ocrx_word' id='word_1_191' title='bbox 1012 2428 1106 2467; x_wconf 89' lang='lat' dir='ltr'>Hoc</span> <span class='ocrx_word' id='word_1_192' title='bbox 1147 2427 1199 2467; x_wconf 90' lang='lat' dir='ltr'>de</span> <span class='ocrx_word' id='word_1_193' title='bbox 1234 2425 1327 2468; x_wconf 71' lang='lat' dir='ltr'>fiire</span> <span class='ocrx_word' id='word_1_194' title='bbox 1358 2431 1608 2468; x_wconf 85' lang='lat' dir='ltr'>statuentes.</span> <span class='ocrx_word' id='word_1_195' title='bbox 1633 2431 1677 2467; x_wconf 93' lang='lat' dir='ltr'>ut</span> <span class='ocrx_word' id='word_1_196' title='bbox 1708 2429 1745 2467; x_wconf 88' lang='lat' dir='ltr'>si</span> <span class='ocrx_word' id='word_1_197' title='bbox 1772 2428 1812 2467; x_wconf 91' lang='lat' dir='ltr'>in</span> <span class='ocrx_word' id='word_1_198' title='bbox 1846 2429 1994 2468; x_wconf 85' lang='lat' dir='ltr'>eadem</span> 
     </span>
     <span class='ocr_line' id='line_1_28' title="bbox 122 2495 1991 2547; baseline 0.002 -13"><span class='ocrx_word' id='word_1_199' title='bbox 122 2495 220 2535; x_wconf 85' lang='lat' dir='ltr'>uilla</span> <span class='ocrx_word' id='word_1_200' title='bbox 253 2496 456 2547; x_wconf 85' lang='lat' dir='ltr'>capiatur.</span> <span class='ocrx_word' id='word_1_201' title='bbox 481 2498 523 2536; x_wconf 90' lang='lat' dir='ltr'>et</span> <span class='ocrx_word' id='word_1_202' title='bbox 549 2506 689 2536; x_wconf 87' lang='lat' dir='ltr'>coram</span> <span class='ocrx_word' id='word_1_203' title='bbox 715 2497 867 2536; x_wconf 88' lang='lat' dir='ltr'>iudicio</span> <span class='ocrx_word' id='word_1_204' title='bbox 901 2497 1191 2537; x_wconf 88' lang='lat' dir='ltr'>conuincatur.</span> <span class='ocrx_word' id='word_1_205' title='bbox 1219 2498 1435 2537; x_wconf 85' lang='lat' dir='ltr'>canonicis</span> <span class='ocrx_word' id='word_1_206' title='bbox 1468 2497 1580 2538; x_wconf 85' lang='lat' dir='ltr'>bona</span> <span class='ocrx_word' id='word_1_207' title='bbox 1603 2495 1708 2537; x_wconf 89' lang='lat' dir='ltr'>suris</span> <span class='ocrx_word' id='word_1_208' title='bbox 1737 2503 1991 2537; x_wconf 82' lang='lat' dir='ltr'>remaneant.</span> 
     </span>
    </p>
   </div>
   <div class='ocr_carea' id='block_1_11' title="bbox 1608 2563 1681 2607">
    <p class='ocr_par' dir='ltr' id='par_1_11' title="bbox 1608 2563 1681 2607">
     <span class='ocr_line' id='line_1_29' title="bbox 1608 2563 1681 2607; baseline 0 -12"><span class='ocrx_word' id='word_1_209' title='bbox 1608 2563 1681 2607; x_wconf 51' lang='lat'>³7²2}-</span> 
     </span>
    </p>
   </div>
  </div>
 </body>
</html>
