2212 2876
154 257 440 299 confirmamus
474 256 638 310 prefato
666 257 888 297 IVatizlao
923 257 1073 296 iuniori
1106 257 1219 311 regi.
1253 256 1476 296 tenendum
1512 258 1554 295 et
1586 255 1881 307 possidendum
1915 256 2023 296 sicut

152 333 300 368 tenere
335 327 461 367 debet
494 340 519 366 a
552 327 673 367 nobis
707 331 749 366 et
774 329 957 378 imperio.
990 327 1203 378 presentis
1237 325 1452 379 priuilegii
1481 325 1731 364 auctoritate.
1763 325 2022 365 mandantes.

153 398 348 449 quatinus
389 397 525 436 nullus
560 397 772 448 princeps
815 396 913 435 dux.
947 396 1146 435 marchio.
1187 406 1343 434 comes.
1375 395 1562 449 legatus.
1603 394 1799 446 nullaque
1839 395 2024 433 sublimis

152 478 338 518 persona
371 466 439 505 vel
480 466 654 505 humilis.
688 465 982 504 ecclesiastica
1015 464 1086 504 vel
1118 464 1339 507 mundana.
1373 468 1518 503 contra
1551 464 1764 515 presentis
1803 461 2024 502 confirma-

153 536 275 575 tionis
317 538 462 575 nostre
509 534 685 574 diualem
729 534 928 589 paginam
977 535 1127 573 venire
1167 537 1391 584 presumat.
1433 533 1543 585 quod
1591 533 1659 584 qui
1707 533 2023 584 presumpserit..

152 615 263 655 pena
307 604 416 643 mille
459 603 658 643 librarum
698 604 790 642 auri
834 614 883 641 se
926 603 1244 653 compositurum
1285 605 1514 656 agnoscat.
1557 612 1728 653 quarum
1761 602 2025 641 medietatem

154 674 270 713 curie
304 676 463 712 nostre.
505 673 546 712 et
586 672 785 724 reliquam
826 672 933 722 parti
974 682 1102 722 passe
1146 671 1334 710 iniuriam
1366 682 1414 710 se
1448 671 1612 710 nouerit
1652 671 1892 710 soluturum.
1956 671 2026 711 Ad

153 742 275 781 huius
315 743 457 794 itaque
497 745 642 781 nostre
676 739 998 780 confirmationis
1037 741 1270 785 memoriam
1310 743 1353 779 et
1392 739 1520 778 robur
1558 744 1762 790 perpetuo
1805 740 2026 780 valiturum

153 822 334 863 presens
368 811 636 864 priuilegium
669 808 771 849 lieri.
806 814 848 849 et
880 810 992 850 bulla
1025 820 1156 849 aurea
1181 809 1341 859 typaris
1376 812 1521 849 nostre
1554 809 1783 848 maiestatis
1816 809 2023 860 impressa

157 881 350 919 iussimus
391 880 641 919 communiri.
705 879 840 918 Huius
888 883 1023 918 autem
1073 879 1134 917 rei
1175 881 1308 916 testes
1354 881 1462 916 sunt.
1502 877 1653 916 Laudo
1702 878 1915 932 Reginus,
1954 879 2024 918 Ja.

158 948 401 1000 Capuanus.
431 953 471 988 et
500 950 694 988 Marinus
724 948 932 987 Barensis
959 947 1267 997 archiepiscopi
1296 945 1525 990 familiares
1547 950 1588 985 et
1622 945 1766 986 fideles
1799 949 1931 987 nostri
1957 980 1966 987 .
1985 978 1994 987 .
2015 978 2024 988 .

154 1018 454 1058 salernitanus
488 1023 529 1057 et
562 1018 636 1056 Pe.
670 1017 964 1056 Brundusinus
997 1016 1320 1067 archiepiscopi.
1354 1016 1405 1054 R.
1438 1015 1674 1055 Melliensis
1708 1020 1750 1056 et
1782 1016 1829 1056 P.
1863 1018 2026 1057 Rauel-

156 1087 287 1125 lensis
322 1087 523 1137 episcopi.
557 1084 688 1125 frater
724 1086 989 1125 Hermannus
1028 1086 1237 1139 magister
1270 1085 1488 1136 hospitalis
1522 1089 1672 1124 sancte
1704 1086 1846 1125 Marie
1878 1086 2026 1127 Theo-

153 1155 382 1195 tonicorum
426 1146 465 1194 in
498 1155 751 1194 Jerusalem.
784 1154 1008 1194 Pebardus
1049 1154 1101 1193 de
1141 1155 1389 1205 Arneysten
1431 1154 1606 1208 legatus
1646 1155 1687 1193 in
1727 1155 1872 1194 Ytalia
1912 1185 1922 1195 .
1962 1185 1972 1195 .

156 1224 408 1278 langrauius
443 1224 495 1263 de
517 1224 785 1264 Iiuckimber.
819 1234 960 1262 comes
983 1223 1201 1262 Perardus
1237 1223 1287 1262 de
1311 1223 1512 1264 Saumes:
1533 1218 1781 1263 Fridericus
1815 1224 1867 1264 de
1894 1225 2025 1265 Karo.

155 1297 196 1333 et
233 1292 458 1334 Conradus
492 1293 545 1332 de
569 1293 813 1334 Smidiluelt.
846 1291 1085 1333 Manfridus
1110 1293 1296 1331 marchio
1333 1292 1583 1332 Lanzensis.
1612 1293 1691 1333 Th.
1719 1302 1859 1352 comes
1883 1295 2026 1334 Acer-

159 1375 308 1402 rarum.
360 1362 599 1401 Riccardns
647 1362 948 1401 marescalcus.
996 1351 1235 1401 Riceardus
1285 1363 1556 1421 camerarius.
1606 1363 1820 1402 I-lenricus
1868 1375 2026 1418 magne

155 1432 378 1482 imperialis
417 1432 534 1471 curie
576 1432 784 1485 magister
825 1431 1079 1470 iusticiarius
1113 1434 1156 1470 et
1188 1431 1255 1469 alii
1290 1442 1410 1482 quam
1444 1431 1599 1482 plures.
1662 1430 1843 1486 Signum
1877 1419 2043 1473 domini*

158 1502 286 1539 nostri
314 1500 517 1539 Friderici
536 1500 710 1539 secundi
736 1500 802 1539 dei
828 1501 971 1554 gratia
996 1500 1251 1539 inuictissimi
1273 1499 1553 1539 Romanorum
1580 1500 1841 1551 imperatoris
1860 1513 2027 1554 semper

155 1569 356 1622 Augusti.
390 1569 631 1608 Jerusalem
664 1573 705 1608 et
739 1569 885 1610 Sicilie
918 1570 1055 1623 regis.
1113 1570 1218 1608 Acta
1260 1572 1356 1607 sunt
1388 1568 1468 1608 hec
1502 1581 1610 1608 anno
1645 1569 1856 1612 dominice.
1881 1571 2044 1611 incar-⁵

157 1639 336 1677 nationis
377 1638 586 1677 millesimo
631 1638 915 1677 ducentesimo
956 1638 1349 1689 tricesiino‘primo.
1390 1649 1533 1678 mense
1575 1639 1690 1678 Julii.
1733 1643 1881 1690 quarte
1915 1640 2025 1680 indi-

156 1707 319 1754 ctionis,
376 1708 614 1757 Imperante
647 1706 808 1746 domino
843 1710 986 1746 nostro
1024 1706 1240 1745 Friderico
1275 1707 1342 1746 dei
1376 1709 1521 1760 gratia
1554 1707 1832 1747 illustrissimo
1865 1708 2025 1749 Roma-

156 1787 301 1814 norum
334 1776 585 1827 imperatore
611 1786 779 1826 semper
802 1776 1018 1829 Augusto.
1045 1776 1285 1815 Jerusalem
1319 1780 1359 1815 et
1391 1776 1539 1817 Sicilie
1573 1787 1697 1830 rege.
1723 1766 1844 1817 anno
1866 1778 2027 1829 imperii

156 1844 247 1883 eius
280 1844 510 1884 undecimo.
544 1845 672 1899 regni
705 1845 942 1884 Jerusalem
977 1849 1114 1886 sexto.
1148 1845 1274 1899 regni
1304 1856 1406 1884 vero
1441 1844 1587 1886 Sicilie
1620 1846 1830 1886 tricesimo
1865 1851 2026 1898 quarto.

156 1911 347 1954 feliciter.
367 1926 500 1954 amen.
542 1914 695 1953 Datum
722 1915 762 1953 in
791 1916 960 1953 ciuitate
985 1913 1143 1954 Mellie.
1165 1926 1274 1953 anno
1291 1925 1433 1953 mense
1458 1918 1500 1953 et
1519 1914 1743 1954 indictione
1764 1916 2026 1967 pretitulatis.

471 2005 525 2036 Ex
550 2005 748 2047 originali
771 2016 841 2037 cum
867 2005 953 2037 bulla
977 2015 1078 2037 aurea
1101 2015 1250 2047 appensa
1267 2007 1297 2037 in
1313 2016 1341 2036 c.
1358 2016 1382 2037 r.
1401 2006 1537 2037 archivo
1561 2006 1667 2037 aulico
1692 2006 2027 2051 Vindobvonae.—-

572 2056 742 2089 Excusum
766 2056 854 2099 apud
879 2056 1116 2090 Goldastuni
1140 2059 1170 2088 in
1194 2057 1380 2099 appendice
1407 2057 1468 2089 15.
1493 2060 1525 2088 et
1548 2057 1642 2089 alios.

987 2180 1186 2223 CCXIII.

157 2252 382 2305 Roberms,
425 2254 648 2306 episcopus
699 2254 1006 2307 olomucensis,
1046 2256 1302 2294 monasterio
1353 2255 1648 2296 Oslowanensz·
1694 2257 1917 2310 confirmat
1945 2259 2024 2311 jus
2049 2266 2056 2273 ‘¹

152 2324 404 2375 patronatus
437 2323 642 2362 ecclesiae
673 2336 708 2363 s.
741 2324 897 2364 Jacob&
928 2325 1119 2371 Bmmae,
1146 2324 1343 2363 collatum
1374 2324 1585 2376 quondam
1617 2338 1643 2365 a
1675 2338 1776 2377 reye
1809 2324 2024 2379 Premysl.

511 2438 515 2443 .
796 2394 869 2433 Dt.
903 2394 947 2433 in
978 2393 1193 2439 Jloclre'cz,
1234 2392 1386 2432 1231.

286 2449 348 2510 In
389 2469 554 2509 nomine
594 2473 743 2509 sancte
783 2471 994 2510 trinitatis.
1043 2474 1085 2509 et
1124 2471 1335 2510 indiuidue
1380 2471 1565 2511 vnitatiS.
1628 2472 1720 2512 Nos
1763 2472 1831 2512 dei
1869 2473 2021 2527 gracia

157 2537 388 2578 Rubertus.
423 2538 714 2579 olomucensis
742 2540 967 2591 episcopus
1001 2540 1232 2579 abbatisse.
1259 2544 1301 2579 et
1332 2541 1403 2580 toti
1430 2552 1555 2581 sacro
1590 2542 1813 2581 conuentui
1841 2543 1881 2581 in
1915 2543 2024 2582 valle

1644 2609 1712 2650 30
