2212 2876
983 76 1082 116 103

872 133 969 143 z

93 219 214 258 etiam
247 222 394 258 contra
427 218 603 270 aliquem
637 218 912 270 spiritualiter
934 218 1064 258 habet
1098 230 1332 271 personam⁷
1366 218 1437 257 vel
1461 217 1692 258 secundum
1724 218 1817 258 iura
1849 222 1964 259 terre

91 287 378 341 iudicabimus,
422 287 491 326 vel
532 291 677 326 vestro
718 287 885 340 iudicio7
928 287 965 325 si
1007 287 1099 337 ipse
1143 287 1369 338 episcopus
1410 287 1603 341 voluerit⁷
1636 287 1965 327 reseruabimus.

89 355 209 396 Sane
242 357 279 395 si
313 355 513 395 veniendi
547 356 780 396 Pattauiam
822 360 970 395 metum
1004 356 1276 409 allegauerit,
1311 357 1457 396 dicens
1497 367 1575 407 per
1606 357 1762 396 amicos
1796 360 1966 396 nostros

91 424 132 464 in
172 425 242 464 via
291 436 418 476 posse
460 426 541 465 sibi
585 425 732 465 malum
772 425 935 476 aliquod
982 425 1218 477 procurari,
1266 436 1397 476 super
1444 424 1526 464 hoc
1567 425 1800 476 apostolice
1848 424 1966 464 sedis

90 495 386 548 reuerentiam⁷
421 495 543 533 vobis
588 494 763 533 iurando
798 495 1080 547 promittimus7
1122 498 1287 534 euntem
1320 494 1568 547 Pattauiam,
1610 498 1651 533 et
1684 494 1738 533 ad
1779 506 1858 533 vos
1892 505 1966 533 re-

90 561 285 602 deuntem
317 563 371 602 ab
414 563 494 603 hoc
527 567 637 602 metu
676 563 850 602 liberum
891 575 990 602 esse
1033 563 1204 602 debere.
1273 563 1467 614 Denique
1510 562 1619 615 quod
1661 563 1714 602 de
1756 573 1966 614 suspenso

89 631 211 671 nobis
252 632 409 672 clerico
449 633 683 687 imponitur⁷
716 633 863 672 sciatis
905 644 996 672 eum
1030 632 1293 672 elli-actorem
1336 633 1519 684 quinque
1560 632 1850 686 ecclesiarum,
1895 631 1966 684 qui

88 699 320 740 latronibus
353 705 469 741 terre
501 702 703 755 sociatus7
738 706 780 741 et
813 713 904 740 cum
936 703 1040 752 ipsis
1074 703 1113 740 in
1147 702 1366 740 latrocinio
1400 702 1441 740 in
1474 702 1599 740 armis
1633 701 1966 752 comprehensus

89 780 181 809 cum
221 760 421 810 similibus
463 771 652 810 similiter
692 775 758 810 est
799 772 977 821 punitus.
1043 770 1112 810 De
1152 770 1218 809 liis
1268 774 1420 822 tamen,
1461 774 1503 809 et
1543 770 1595 809 de
1639 770 1841 823 omnibus7
1884 779 1966 821 que

88 840 321 890 paternitas
360 844 508 880 vestra
548 840 590 879 in
633 838 724 879 filiis
766 841 855 879 suis
908 841 973 890 pie
1017 839 1279 892 corrigenda
1319 840 1549 893 censuerit,
1599 839 1774 878 obedire
1815 838 1966 892 parati,

90 909 201 961 quod
233 909 380 948 iubere
415 909 659 963 dignemini,
694 920 784 949 cum
818 909 1041 948 deuotione
1068 908 1210 947 debita
1244 912 1538 959 expectantes.
1588 907 1682 947 Hoc
1723 907 1852 947 solum
1886 918 1965 946 vos

88 979 326 1018 meminisse
361 978 567 1017 humiliter
601 978 863 1029 postulantes
898 980 936 1017 in
971 978 1127 1017 nostris
1161 979 1365 1030 negotiis„
1410 977 1519 1029 quod
1554 978 1593 1016 in
1629 977 1735 1016 omni
1769 977 1966 1016 necessi-

90 1050 176 1086 tate
225 1058 394 1086 romane
445 1048 632 1086 ecclesie
673 1052 820 1086 contra
867 1059 1010 1087 omnes
1059 1049 1272 1098 principes
1322 1058 1398 1099 per
1446 1051 1748 1086 antecessores
1796 1050 1965 1084 nostros

89 1116 336 1169 adstitimus,
372 1121 410 1156 et
448 1115 580 1156 vobis
604 1117 885 1171 nihilominus,
928 1118 964 1156 si
998 1128 1047 1156 se
1091 1122 1253 1168 tempus
1296 1116 1506 1170 obtulerit7
1541 1127 1631 1155 cum
1666 1115 1830 1169 dignati
1869 1112 1965 1154 fue-

92 1186 181 1225 ritis
214 1185 484 1226 abstinemus.

403 1295 625 1336 Maurique
651 1294 836 1377 Angales
862 1293 1003 1326 Cisterc.
1028 1294 1085 1326 lv.
1120 1293 1208 1326 142.
1238 1313 1279 1316 —
1310 1303 1328 1325 e
1358 1294 1506 1336 Regesto
1535 1293 1707 1325 Honorii
1735 1293 1798 1325 111.
1822 1293 1896 1324 anni
1919 1292 1964 1325 11.

506 1349 602 1389 epist.
632 1344 707 1378 119
739 1371 746 1378 .

952 1521 1091 1564 XCII.

99 1626 374 1671 t‘v'ladishms,
416 1628 485 1678 qui
527 1629 566 1665 et
614 1627 860 1673 Heimieus,
902 1625 1095 1666 mmclez’o
1143 1627 1381 1677 ,norm-iae,
1421 1624 1640 1678 Stephano
1680 1624 1732 1665 de
1776 1624 1962 1666 Medlow

89 1695 233 1735 villam
257 1696 509 1735 Bm'nlmww
542 1697 585 1734 in
616 1697 841 1748 prot-incia
866 1696 1143 1735 Halasit-ensi
1175 1695 1430 1734 hereditarie
1462 1696 1629 1748 confert
1646 1693 1963 1748 possidendam.

682 1765 788 1804 Acta
831 1765 874 1805 V.
910 1765 1013 1805 Kal.
1047 1766 1172 1817 suast,
1213 1764 1367 1805 1218.

219 1858 278 1918 ln
314 1879 476 1916 immine
510 1885 659 1916 sancte
684 1884 726 1916 et
760 1878 970 1917 indiuiduo
998 1879 1207 1917 trinitatis.
1256 1876 1474 1915 Hominum
1500 1873 1722 1915 deficiente
1748 1875 1959 1915 memoria.

89 1946 219 1985 uiuax
269 1945 453 1985 ellit-acis
499 1946 620 1985 litere
663 1948 936 1986 testimonium
985 1947 1154 1985 ueritati
1197 1944 1412 1984 sulliciens
1462 1950 1504 1985 et
1553 1949 1709 1984 certum
1759 1944 1962 1984 exhibent

89 2020 395 2069 argumentum.
445 2021 488 2055 ut
535 2016 728 2068 quicquid
778 2016 1051 2055 discretorum
1098 2016 1323 2069 sagacitas
1372 2014 1679 2053 obseruandum
1726 2014 1960 2053 rationabili

91 2085 309 2123 sanctione
343 2086 596 2124 decreuerit.
631 2096 709 2124 nec
745 2096 820 2135 per
863 2089 1124 2136 posterorum
1158 2084 1451 2138 ignoranciam
1490 2083 1530 2122 in
1565 2083 1721 2122 irritum
1754 2084 1961 2123 reuocari.

90 2164 170 2193 nec
212 2157 436 2203 temporum
483 2158 694 2193 uetustate
736 2153 879 2192 ualeat
930 2154 1103 2192 aboleri.
1169 2153 1394 2192 Vniuersis
1444 2153 1584 2203 itaque
1630 2155 1709 2191 tam
1750 2152 1961 2192 modernis

91 2234 210 2274 quam
244 2223 441 2275 posteris.
474 2223 527 2262 ad
562 2234 666 2274 quos
701 2234 880 2274 presens
914 2224 1075 2277 pagina
1106 2222 1350 2273 peruenerit
1383 2221 1662 2260 attestacione
1695 2222 1960 2271 presencium

90 2293 339 2331 innotescat.
374 2291 480 2342 quod
516 2303 603 2345 ego
638 2292 888 2331 H'adizlaus
921 2293 992 2343 quel
1024 2295 1063 2330 el
1092 2292 1338 2330 Heinrieu&
1363 2291 1641 2329 miseracione
1675 2290 1815 2330 diuina
1847 2302 1960 2329 mar-

91 2360 186 2400 chio
228 2361 425 2400 morauie.
466 2361 612 2399 baroni
654 2373 758 2400 meo.
799 2361 960 2400 domino
1004 2360 1235 2412 Stephano.
1279 2364 1320 2398 et
1359 2358 1450 2399 tiliis
1494 2360 1585 2398 eius
1627 2370 1705 2398 nec
1745 2371 1829 2398 non
1868 2357 1959 2398 filiis

92 2427 260 2469 filiorum
310 2430 414 2469 eius.
462 2430 790 2470 succedentibus
831 2441 912 2481 que
960 2431 1141 2481 ipsorum
1189 2428 1432 2468 heredibus.
1480 2429 1615 2468 uillam
1663 2427 1868 2480 quandam
1917 2429 1959 2467 in

98 2498 316 2538 llolachiz.
351 2509 431 2551 que
472 2498 738 2550 Boydokue
771 2499 932 2538 dicitur.
974 2511 1065 2539 cum
1103 2498 1291 2538 omnibus
1324 2498 1598 2550 appendiciis.
1641 2498 1763 2552 agris
1797 2497 1959 2536 scilicet
