2212 2876
1031 131 1137 174 317

928 190 1068 194 ,-
1076 188 1238 193 <w——.

919 272 1248 317 CCLXXVHI.

146 363 363 423 Premysl,
395 370 588 421 marchio
619 371 858 421 Moraviae,
891 369 1092 423 hospitali
1123 368 1272 409 domus
1304 369 1441 408 sancti
1479 368 1665 409 Joannis
1704 355 2017 419 possessionem

162 500 170 521 Ι
354 434 566 491 quanHam
597 437 887 496 iit‘Kobe5·ice
919 438 1150 492 confirmat.
1188 438 1315 478 'Aeta
1347 438 1391 476 in
1425 437 1615 478 olomuc.
1655 435 1808 476 1236.

199 509 205 520 2
694 499 703 518 1
929 509 931 511 ,

110 540 179 594 ἐν·
205 570 232 591 ⁴
256 531 336 592 -In
370 551 534 590 nomine
575 551 724 590 sancte
764 551 961 590 trinitatis
1003 553 1045 590 et
1083 549 1294 589 indiuidue
1335 549 1518 588 unitatis.
1582 549 1684 603 Ego
1725 546 1906 586 Premizl
1948 545 2017 585 'dei

147 620 302 673 gracia
341 619 525 659 marchio
572 620 770 660 Morauie
812 619 1130 659 accommodans
1171 629 1298 658 aures
1345 618 1465 657 iustis
1504 616 1782 669 peticionibus
1822 615 2016 669 magistri

147 688 323 743 Vgonis
356 687 500 728 fratris
525 688 744 741 hospitalis
779 689 921 728 domus
948 700 981 727 s.
1015 689 1224 727 Joliannis
1250 687 1432 738 baptiste
1456 690 1709 728 transmare·
1727 688 1777 724 ‘et
1802 685 2017 735 particeps

145 767 247 797 esse
280 759 456 809 cupiens
490 759 719 797 orationum
748 761 795 797 et
827 756 1103 796 fraternitatis
1138 756 1388 796 dominorum
1429 756 1472 794 in
1504 756 1595 806 ipsa
1628 755 1723 794 Deo
1756 753 2016 793 militancium

145 826 351 878 quandam
384 831 538 866 terram
579 827 620 865 in
655 826 752 871 uilla
786 825 991 866 Koberiee·
1028 826 1151 864 dicta.
1187 836 1267 876 que
1308 825 1512 876 quondam
1553 823 1825 877 gradicensis
1864 820 2014 861 suerat.

147 898 190 935 et
223 906 280 935 ex
314 897 503 948 antiquis.
530 880 785 947 temporibus
819 895 872 933 ab
900 894 1246 933 antecessoribus
1280 894 1537 944 principibus
1576 893 1773 932 Morauie
1808 890 2016 942 prenomi-

146 966 243 1003 nate
277 965 431 1003 collata
473 964 618 1003 domui.
653 975 706 1003 ne
747 976 771 1002 a
805 964 1097 1014 castrensibus
1138 963 1339 1013 deinceps
1375 964 1594 1013 inpetatur.
1634 961 1703 1000 uel
1743 960 1868 1011 aliqui
1908 957 2035 998 forte-

145 1033 330 1087 maligno
364 1034 520 1073 inducti
560 1034 706 1084 spiritu
740 1036 985 1083 atteinptent
1025 1043 1114 1071 eam
1149 1031 1369 1071 deseruire
1410 1035 1615 1082 tamquam
1648 1042 1729 1068 non
1772 1029 1906 1068 datam
1940 1039 2017 1067 seu

144 1102 458 1157 privilegiatam
491 1102 624 1141 domui
652 1102 732 1140 iam
765 1099 942 1152 prefate.
971 1102 1161 1151 presenti
1187 1101 1343 1151 scripto
1379 1101 1420 1139 in
1445 1104 1686 1151 perpetuum
1720 1097 2015 1149 possidendam

145 1169 446 1211 confirmamus.
481 1175 521 1211 et
549 1182 602 1211 ne
636 1172 859 1222 inquietari
893 1170 1078 1209 debeant
1111 1170 1151 1208 in
1177 1173 1399 1220 posterum.
1432 1169 1565 1223 sigilli
1591 1168 1722 1207 nostri
1757 1167 2016 1218 appensione

143 1240 402 1280 roboramus.
454 1244 495 1280 et
537 1241 703 1280 testium
744 1239 1054 1290 subscriptione
1102 1239 1140 1277 in
1183 1239 1398 1289 presentia
1444 1249 1614 1289 quorum
1654 1240 1750 1275 acta
1800 1238 1897 1274 sunt
1936 1234 2015 1274 hec

145 1311 451 1349 communimus.
513 1309 760 1349 Huius‘rei
798 1312 932 1348 testes
978 1310 1085 1346 sunt.
1127 1306 1366 1347 Semizlaus
1407 1305 1696 1347 Olomucensis
1743 1304 2015 1343 camel-ailus.

145 1377 374 1420 Gerardus
388 1378 680 1419 olomucensis
699 1377 971 1432 burgrauius.
996 1376 1120 1416 Yoko
1140 1375 1244 1415 filius
1268 1375 1427 1415 Boruth
1446 1375 1706 1429 burgrauius
1732 1373 1784 1413 de
1802 1371 2014 1413 Gradech.

142 1447 294 1487 Victor
317 1447 579 1501 but-grauius
612 1447 665 1486 de
691 1446 884 1486 Prerow.
920 1446 1052 1485 Bicen
1073 1445 1212 1485 ‘iudex
1244 1444 1547 1485 olomucensis.
1580 1443 1746 1483 Prebor
1770 1440 1875 1481 filius
1908 1441 2014 1481 Bun.

143 1527 233 1556 cum
267 1514 358 1555 filiis
402 1517 494 1556 Bun
528 1520 569 1556 et
607 1516 744 1555 Jurik.
780 1515 895 1555 Onso
936 1527 1026 1554 cum
1067 1512 1158 1553 liliis
1192 1514 1355 1554 Bludek
1395 1516 1437 1553 et
1468 1512 1661 1565 Spytata.
1696 1510 1871 1551 Bochek
1910 1509 2017 1550 sub-

144 1586 416 1625 camerarius.
442 1585 621 1624 Ratibor
647 1596 737 1624 cnm
762 1582 842 1624 filio
869 1596 946 1624 suo
969 1583 1176 1623 Arthlebo
1205 1581 1407 1634 dapifero.
1430 1581 1717 1634 Marquardus
1742 1580 2015 1620 marscalcus,

143 1653 436 1706 Dyrzisslaus.
478 1654 650 1694 Pribizl.
698 1654 895 1693 Zlawata
934 1664 1025 1692 cum
1065 1651 1196 1691 fratre
1242 1652 1495 1692 XVseborio.
1559 1652 1670 1690 Acta
1716 1653 1813 1689 sunt
1853 1648 1933 1688 1100
1972 1649 2014 1687 111

145 1722 316 1764 0101111ιο
356 1735 466 1762 anno
514 1723 719 1763 dominice
767 1723 1068 1762 incarnationis
1109 1721 1333 1762 Millesimo
1383 1719 1675 1762 CCXXXVI.
1732 1719 1891 1758 ,Datum
1936 1727 2015 1768 per

142 1804 304 1832 manum
335 1792 587 1844 Marquardi
620 1792 840 1843 capellani.

453 1892 508 1925 Ex
532 1891 723 1934 originali
748 1893 779 1923 in
802 1891 940 1924 archivo
979 1890 1260 1924 Melitensium
1290 1889 1460 1932 Pragae.

932 2067 968 2111 C
974 2066 1220 2110 CLXXIX.

143 2164 358 2216 Pi-emysl,
391 2163 582 2204 marchio
623 2165 861 2214 Moruniae,
903 2164 1158 2204 monasterio
1204 2160 1527 2202 Welelnwdensz'
1557 2160 1703 2200 villam
1743 2158 2008 2205 Wollcowa‘ce,

143 2246 169 2273 α
205 2234 345 2287 fratre
384 2245 461 2273 suo
509 2233 770 2285 wenceslao,
810 2245 911 2284 reqe
949 2233 1167 2283 Boeme'ae,
1207 2232 1251 2271 in
1290 2230 1719 2283 recompensationem
1759 2228 2008 2268 damnorum

250 2301 356 2342 bello
396 2303 610 2343 illatorum
649 2302 859 2352 donatam,
899 2302 1129 2354 confirmat.
1193 2301 1351 2339 Datum
1385 2300 1429 2338 in
1464 2298 1653 2349 olomuc,
1694 2296 1908 2338 Kalendis

869 2371 1087 2421 danum-ti,
1128 2368 1280 2409 1237.

205 2524 208 2526 ,
272 2463 333 2524 In
365 2483 528 2522 nomine
568 2486 718 2523 sancte
751 2486 793 2522 et
831 2481 1043 2521 indiuidue
1075 2481 1285 2520 trinitatis.
1348 2480 1448 2534 Ego
1488 2476 1713 2520 Premuizil
1754 2476 1820 2516 dei
1854 2477 2005 2530 gracia

141 2551 337 2593 Marchio
370 2551 579 2592 Morauie.
613 2551 802 2592 omnibus
835 2552 875 2591 in
908 2551 1057 2603 spiritu
1096 2554 1245 2590 sancto
1277 2550 1438 2601 renatis
1471 2537 1780 2601 imperpetuum.
1844 2547 2006 2600 Frige-
