2212 2876
1034 122 1139 177 253

145 281 188 319 et
220 272 399 318 dilatari.
431 275 724 317 monasterium
759 276 979 329 syloense.
1015 279 1124 331 quod
1154 273 1182 320 'a
1214 281 1565 335 progenitoribus
1598 283 1702 321 meis
1736 282 1788 322 ad
1821 269 2022 324 honorem

146 347 214 388 dei
240 345 451 388 fundatum
476 350 555 386 est.
580 346 658 386 sed
683 359 708 387 a
735 345 825 386 filiis
860 348 1132 401 W’olframmz‘
1160 350 1311 389 nobilis
1336 350 1467 389 nostri
1499 351 1551 391 de
1576 352 1799 410 Morauyq
1816 353 2023 393 uiolenter

147 421 214 458 est
252 427 500 469 oppressum
549 416 602 456 de
641 416 830 456 manibus
877 418 1106 458 eorundem
1146 419 1332 459 liberare
1382 419 1674 473 disposuimus.
1714 424 1759 461 ut
1798 423 1913 461 serui
1954 422 2023 462 dei

144 487 320 527 liberius
362 489 403 525 et
443 486 624 538 quietius
663 486 852 525 inomni
892 488 1190 539 tranquillitate
1237 492 1280 529 et
1321 490 1475 541 quiete.
1516 496 1590 542 pro
1630 501 1739 541 pace
1779 495 1938 530 nostra.
1982 496 2024 531 et

95 602 100 609 ,
144 569 221 610 pro
254 558 367 596 statu
399 555 526 610 regni
562 555 705 595 nostri.
741 555 861 595 deum
884 555 1043 596 'ibidem
1075 558 1245 597 ualeant
1278 569 1476 598 exorare.
1500 559 1609 602 “Hii
1629 555 1765 600 autem
1800 563 1898 600 sunt
1929 564 2022 600 ter-

144 626 241 667 mini
273 625 380 665 silue
414 628 456 664 et
488 623 636 676 predii.
669 625 711 664 in
743 620 901 664 Borek.
935 638 960 665 a
994 625 1147 666 dextra
1178 630 1299 678 parte
1330 628 1400 667 uie
1425 627 1792 680 Humpolecensis.
1827 641 1909 681 qua
1942 630 2023 669 itur

146 696 188 736 in
229 695 478 735 Morauiam.
527 705 604 745 per
642 697 817 734 montem
859 695 1147 735 Rozocatech.
1199 701 1239 736 et
1279 697 1332 736 ab
1380 698 1472 748 ipso
1512 701 1650 737 monte
1697 698 1752 738 ad
1791 700 1898 738 uiam
1940 710 2022 751 que

144 768 323 805 vocatur
351 763 568 803 Nababer.
588 766 631 802 et
655 775 732 814 per
757 764 932 803 eandem
962 765 1070 804 uiam
1094 765 1312 804 Nahaber.
1342 777 1478 818 usque
1508 766 1561 806 ad
1588 767 1777 818 ryuulum
1793 772 2021 819 zmrytsna.

144 834 214 886 qui
246 833 419 885 ryuulus
445 833 553 872 sicut
582 832 824 886 Gyglauam
857 831 998 872 influit.
1032 834 1201 873 Abinde
1234 846 1310 886 per
1338 847 1562 875 ascensum
1587 834 1774 876 fluminis.
1805 836 2021 893 Gyglaue.

141 914 277 955 usque
310 902 362 942 ad
398 902 529 942 locum
563 902 670 941 illum
704 902 773 941 ubi
807 903 981 952 ryuulus
1016 902 1191 943 Otuirna
1224 905 1354 955 ipsum
1388 903 1536 944 flumen
1569 904 1710 945 influit.
1743 906 1911 946 Abinde
1945 918 2023 957 per

143 984 367 1013 ascensum
402 971 589 1011 eiusdem
614 971 776 1022 ryunly.
805 983 938 1022 usque
971 972 1022 1011 ad
1052 977 1196 1012 ortum.
1231 974 1399 1013 Abinde
1431 975 1576 1025 spacio
1610 975 1858 1025 interposito
1892 977 2022 1015 oritur

144 1042 316 1094 ryuulus
350 1041 616 1091 Wizkydna.
644 1042 711 1092 qui
746 1041 921 1091 ryuulus
947 1042 1056 1080 sicut
1089 1041 1345 1082 Cleteisnam
1371 1041 1512 1082 influit.
1547 1044 1698 1083 nullius
1732 1044 1853 1083 bonis
1886 1045 2021 1084 inter-

142 1111 378 1151 iacentibus
427 1113 559 1149 metas
608 1109 793 1149 ecclesie
835 1109 1094 1150 determinat.
1157 1112 1297 1165 Igitur
1355 1112 1541 1163 predium
1581 1113 1679 1152 illud
1730 1113 1888 1153 Borek.
1929 1126 2020 1153 cum

142 1181 231 1220 suis
279 1179 555 1232 pertinentiis.
603 1179 734 1218 siluis.
787 1180 930 1230 pratis.
980 1181 1163 1231 pascuis.
1212 1187 1255 1220 et
1300 1182 1474 1232 ryuulis.
1523 1193 1653 1233 super
1711 1183 1861 1235 quibus
1910 1183 2020 1223 inter

140 1249 370 1301 predictum
403 1249 695 1288 monasterium
737 1252 779 1287 et
811 1246 916 1288 tilios
957 1248 1225 1288 W⁷olsrammi
1260 1253 1471 1290 contentio
1515 1251 1762 1291 habebatur.
1796 1253 1905 1292 sicut
1945 1263 2021 1304 per

143 1319 397 1358 sententiam
430 1317 659 1358 recolende
685 1319 880 1357 memorie
907 1319 1038 1369 patris
1064 1320 1196 1358 nostri
1224 1319 1411 1359 obtinuit.
1438 1321 1688 1360 auctoritate
1714 1322 1856 1376 regia.
1881 1333 2022 1362 coram

141 1388 319 1429 testibus
359 1385 469 1427 infra
516 1387 699 1438 scriptis.
747 1387 882 1427 eidem
930 1389 1182 1428 monasterio
1230 1388 1575 1429 contii-inanimus.
1640 1391 1774 1430 Facta
1824 1394 1892 1430 est
1938 1390 2018 1430 hec

141 1455 411 1497 confirmatio.
446 1468 556 1496 anno
582 1456 785 1496 dominice
819 1458 1131 1497 incarnacionis
1165 1458 1226 1498 M.
1257 1457 1347 1500 CC.
1376 1460 1586 1500 XXXIII.
1621 1464 1771 1499 octauo
1796 1459 2019 1499 Kalendas

140 1526 417 1579 Septembris.
452 1527 492 1565 in
526 1526 689 1576 capella
724 1527 898 1565 omnium
939 1531 1191 1566 sanctorum.
1226 1528 1335 1579 apud
1370 1527 1623 1569 Clradorub.
1664 1541 1805 1568 coram
1838 1529 2017 1568 testibus

140 1594 248 1635 infra
291 1596 473 1647 scriptis.
515 1595 713 1634 ,Iohanne
756 1597 978 1650 pragensi.
1028 1596 1219 1636 Roberto
1261 1596 1529 1637 Olomucensi
1569 1599 1795 1650 episcopis.
1847 1598 2016 1649 Ypolito

141 1664 439 1705 archidiacono
475 1665 696 1718 pragensi.
730 1664 952 1704 Bernardo
993 1666 1217 1705 scolastico
1251 1667 1484 1721 l'ragensi.
1524 1668 1768 1707 Hermanno
1803 1668 2016 1719 preposito

142 1734 491 1774 Lutomericensi.
524 1733 786 1786 Marquardo
812 1734 1112 1774 archidiacono
1138 1735 1518 1775 Luthomericensi.
1545 1736 1786 1776 Laurencio
1813 1737 2016 1776 ‘canonico

141 1804 365 1857 pragensi.
406 1803 592 1844 Sdezlao
636 1804 867 1843 camerario
908 1808 1065 1843 nostro.
1108 1804 1295 1844 Vitkone
1335 1806 1520 1845 seniore.
1562 1809 1604 1845 et
1635 1805 1807 1845 uitkone
1842 1806 2014 1845 iuniore.

141 1871 388 1913 Chastolow
424 1872 549 1912 nobili
572 1878 729 1913 nostro.
763 1874 925 1925 Nostup
951 1874 1186 1914 castellano
1220 1878 1363 1914 nostro
1398 1874 1450 1914 de
1483 1875 1716 1914 Friinberk.
1750 1875 2014 1914 Brecliizlao.

140 1942 365 1982 Zbrazlao.
398 1943 599 1983 Sulizlao.
633 1943 851 1983 Budizlao.
886 1948 928 1983 et
960 1943 1174 1982 Jarozlao.
1218 1942 1309 1982 tiliis
1341 1944 1562 1995 Jarozlay.
1627 1943 1693 1983 Ad
1727 1943 1850 1983 huius
1884 1945 2016 1998 igitur

142 2018 285 2050 nostre
327 2009 649 2051 confirmationis
689 2011 917 2052 firmitatem
958 2016 1198 2064 presentem
1245 2016 1404 2052 cartam
1446 2017 1591 2052 nostro
1638 2013 1782 2067 sigillo
1823 2012 2014 2060 duximus

144 2079 435 2119 roborandam.

452 2179 505 2211 Ex
530 2158 722 2221 originali
747 2180 896 2222 ejusdem
919 2182 1107 2213 monasterii
1131 2183 1162 2213 in
1185 2181 1344 2213 analectis
1370 2181 1407 2213 F.
1431 2181 1582 2214 Palack
1593 2191 1625 2224 y.
1650 2200 1693 2206 —
1710 2182 1836 2214 Excus.
1861 2183 2011 2213 incorre-

557 2233 640 2263 ctius
665 2231 756 2264 dedit
779 2232 923 2264 Pelzel
946 2234 978 2264 in
1003 2234 1095 2265 Vita
1119 2232 1258 2265 Caroli
1281 2233 1340 2265 IV.
1365 2233 1410 2264 11.
1435 2230 1528 2264 436.
