2212 2876
1055 103 1161 145 3.,18

175 247 323 283 scente
355 243 547 284 karitatis
581 243 728 283 officio.
762 255 947 295 uespera
981 245 1119 285 mundi
1151 246 1395 300 ingruente.
1428 248 1641 287 multorum
1676 248 1880 300 quondam
1915 253 2048 304 gesta

175 310 337 352 scitium
383 311 795 364 facillant.t01··po1e
843 314 1004 353 inercie
1043 313 1300 355 thabesacta.
1350 315 1480 355 solem
1530 316 1693 356 iusticie
1737 318 1805 368 qui
1852 317 2048 358 estuabat

175 392 304 432 super
337 385 463 433 caput
501 382 613 421 Jone
646 382 834 420 scienter
874 384 1130 422 nescientes.
1165 385 1409 431 nesciente1
1451 385 1653 424 scientes.
1686 385 1887 425 hederam
1928 385 2046 426 desi-

176 450 389 490 derantes.
431 461 512 503 que
560 462 585 489 a
625 462 768 490 ueline
815 462 934 502 quem
978 454 1222 503 pr·epa1auit
1264 453 1452 492 dominus
1500 455 1756 493 ascensione
1797 453 1964 494 diluculi
2003 455 2046 494 in

174 520 402 558 crastinum
450 530 656 570 percussa
697 521 877 559 exaruit.
925 522 1019 572 quia
1062 523 1238 572 preterit
1278 520 1419 576 figura
1460 523 1582 562 huius
1629 523 1780 563 mundi.
1819 526 1862 562 et
1899 526 2046 563 uteros

175 590 394 628 amantium
426 599 476 628 se
511 600 671 629 vacuos
704 589 925 641 relinquid.
968 590 1094 629 nichil
1127 602 1269 647 secum
1303 595 1446 642 preter
1488 596 1666 643 peccata
1698 591 1902 632 serentes.
1934 592 2046 633 unde

174 669 319 696 sanum
358 654 450 696 fore
484 657 689 697 duximus.
729 658 997 709 splendorem
1036 660 1389 700 inaccessabilem
1430 662 1497 712 qui
1538 661 1676 701 oculta
1716 661 1899 701 cordium
1939 662 2045 701 omni

174 738 382 780 compage
416 725 659 766 fissurarum
701 730 863 767 semota
895 732 1120 768 scrutatur.
1163 729 1436 781 archanaque
1471 730 1662 770 declarat
1693 731 2045 770 conscientIarum

174 806 303 846 super
336 797 442 835 omni
485 795 607 835 dono.
640 796 751 835 intra
791 796 961 836 archam
994 799 1157 837 mentis.
1196 799 1320 853 regis
1354 799 1517 838 scilicet
1559 800 1708 838 eterni.
1742 799 1810 851 qui
1848 799 2046 839 illuminat

174 876 333 904 omnem
365 865 570 904 hominem
593 866 831 905 uenientem
865 866 906 905 in
930 866 1041 905 hunc
1073 867 1276 907 mundum.
1300 867 1530 908 affectuose
1562 867 1777 912 affectare.
1808 879 1864 908 ne
1896 871 2046 908 tetrum

173 934 305 973 chaos
338 935 596 988 ignorantie.
630 934 820 974 humanis
854 935 1064 975 obtutibus
1097 948 1174 987 per
1206 937 1540 991 impenitudinem
1572 935 1781 977 illabatur.
1841 936 2045 986 Quoniam

171 1006 215 1042 ut
248 1003 307 1042 ait
338 1003 555 1055 propheta.
588 1004 785 1043 memoria
819 1004 914 1043 iusti
947 1016 1030 1044 non
1052 1005 1368 1057 derelinquetur
1401 1018 1426 1046 a
1452 1007 1738 1060 generatione
1771 1007 1813 1046 in
1847 1017 2042 1060 genera-

172 1073 335 1111 tionem.
377 1076 419 1111 et
451 1075 494 1111 ut
535 1072 657 1112 huius
691 1074 886 1112 memorie
926 1066 1060 1127 digne
1099 1075 1408 1125 participemur.
1448 1075 1500 1114 ad
1541 1071 1735 1115 noticiam
1779 1076 1886 1115 omni
1927 1076 2042 1115 etati.

170 1145 249 1182 tam
283 1141 499 1181 masculini
534 1152 655 1193 quam
688 1139 869 1181 seminini
903 1136 1049 1181 Sexus.
1082 1144 1296 1198 presentis
1328 1144 1544 1198 priuilegii
1577 1145 1708 1184 nostri
1742 1145 1901 1195 scripta
1933 1155 2042 1184 eno-

173 1210 331 1250 damus.
365 1221 418 1249 ne
443 1221 521 1261 per
545 1213 771 1261 temporum
796 1211 1052 1263 antiquitatis
1079 1212 1369 1252 euolutionem.
1394 1224 1420 1252 a
1442 1211 1566 1253 fluido
1598 1213 1810 1252 intellectu
1836 1211 2042 1252 hominum

171 1282 416 1320 euanescat.
451 1280 630 1331 qualiter
664 1279 851 1318 dominus
884 1283 1031 1320 noster
1063 1284 1106 1321 et
1134 1279 1268 1321 frater
1298 1282 1503 1329 uterinus.
1536 1282 1708 1321 illustris
1742 1281 2041 1321 XVenzezlaus

168 1349 407 1389 boemorum
446 1359 526 1388 rex
566 1352 754 1400 quartus.
795 1350 936 1404 regali
969 1361 1123 1390 morum
1165 1351 1320 1390 uirtute
1354 1353 1568 1391 strenuus.
1608 1351 1783 1391 consilio
1827 1351 2040 1402 prouidus.

168 1418 432 1471 prospiciens
479 1418 748 1469 inposterum.
796 1420 1047 1459 successiua
1097 1418 1210 1470 [sic]
1251 1420 1387 1459 salute
1434 1420 1661 1460 animarum
1703 1420 1944 1460 consulens.
1985 1419 2040 1460 ad

166 1487 299 1527 nostri
333 1498 502 1538 precum
535 1487 804 1527 omnimodam
836 1488 1086 1527 instantiam.
1120 1489 1312 1529 consultu
1345 1489 1547 1529 baronum
1579 1501 1746 1529 suorum
1778 1489 2040 1529 Boemorum.

167 1556 284 1596 simul
327 1560 369 1596 et
409 1559 643 1596 nostrorum
683 1557 968 1597 Morauorum.
1009 1557 1144 1597 villam
1185 1558 1390 1610 quandam
1424 1570 1505 1610 que
1548 1558 1699 1598 dicitur
1745 1557 1964 1598 W‘olsz‘z.
1998 1559 2038 1598 in

164 1626 381 1677 prouincia
416 1625 673 1665 Zuoemensi
707 1626 840 1666 sitam.
874 1626 1052 1666 cenobio
1098 1627 1416 1679 Weleyradensi
1448 1628 1642 1667 dotaliter
1674 1628 1807 1667 libere
1841 1632 1884 1668 et
1918 1632 2038 1678 pote-

166 1684 533 1735 statiue'tradidit.
577 1695 670 1735 sine
708 1696 792 1734 ulla
833 1694 1129 1750 refragatione
1170 1708 1478 1748 possessuram.
1543 1696 1647 1738 Cum
1687 1696 1852 1751 regalis
1893 1700 2038 1736 nostre

165 1765 416 1818 propaginis
449 1775 668 1818 generosa
708 1776 916 1819 propago.
950 1765 1174 1805 inuisibilia
1218 1765 1285 1804 dei
1320 1777 1396 1817 per
1429 1777 1482 1805 ea
1523 1777 1603 1817 que
1637 1764 1747 1805 sacta
1783 1769 1878 1805 sunt
1910 1765 2037 1804 intel-

166 1834 275 1873 lecta
309 1834 580 1884 conspiceret
613 1833 745 1872 oculis
770 1833 945 1873 hominis
978 1835 1204 1873 interioris.
1239 1835 1306 1886 qui
1334 1847 1416 1874 non
1451 1836 1528 1874 nisi
1563 1835 1708 1886 spiritu
1743 1838 1890 1873 sancto
1925 1835 2037 1873 irra-

165 1902 306 1942 diante
339 1905 550 1942 merentur
582 1903 813 1942 illuminari.
845 1907 930 1942 toto
959 1905 1109 1942 annisu
1143 1904 1238 1943 illuc
1272 1904 1534 1943 anhelantes.
1566 1902 1753 1943 fraterno
1786 1904 2037 1943 karitatiuo-

166 1983 261 2023 que.
294 1972 523 2026 ingerente
564 1975 606 2011 et
637 1972 845 2012 mediante
886 1973 1075 2012 consilio.
1109 1983 1263 2012 aurore
1297 1973 1612 2023 preuenientem
1653 1973 1756 2012 solis
1790 1972 2036 2011 claritatem.

165 2042 274 2080 intra
307 2040 566 2080 conscientie
600 2052 677 2080 sue
711 2041 997 2081 secretarium.
1029 2041 1270 2081 habitacula
1309 2052 1541 2092 preparare
1574 2041 1872 2092 pretaxabant.
1906 2038 2035 2080 Com-

165 2109 320 2160 placuit
368 2114 517 2164 autem7
562 2110 782 2162 utrobique
836 2110 1000 2149 scilicet
1048 2111 1156 2161 patri
1203 2113 1348 2149 nostro
1403 2109 1590 2150 Otakaro
1641 2110 1741 2164 regi
1786 2111 2035 2149 Boemorum

165 2178 475 2233 glor10sissimo
515 2183 556 2218 et
595 2183 743 2230 patruo
793 2184 936 2219 nostro
976 2179 1198 2218 Watizlao
1247 2178 1489 2218 Marchioni
1528 2179 1724 2219 Morauie
1764 2179 2035 2218 nobilissimo.

165 2248 291 2287 beate
334 2252 376 2287 et
407 2247 729 2288 incontaminate
772 2259 939 2300 semper
971 2248 1038 2288 dei
1079 2248 1281 2302 genitrici
1312 2248 1473 2301 uirgini
1513 2248 1668 2288 Marie.
1702 2247 1883 2287 corbam.
1924 2246 2033 2299 qqod

166 2321 232 2356 est
273 2315 431 2356 domum
470 2318 653 2356 oratorii.
695 2318 735 2356 in
777 2317 1031 2372 XVelegrad
1071 2315 1264 2356 fundare.
1302 2315 1654 2368 fundamentaque
1693 2316 1775 2355 illic
1815 2316 2034 2355 iacientes

166 2387 280 2425 uiros
320 2385 478 2425 ordinis
521 2384 838 2437 Cysterciensis
882 2387 1041 2426 camino
1082 2386 1359 2425 tribulationis
1399 2386 1658 2437 approbatos
1699 2385 1923 2424 collocare.
1963 2384 2033 2435 qui

166 2455 262 2494 licet
289 2454 690 2507 corpore-habitare
717 2455 938 2494 uideantur
962 2456 1001 2494 in
1020 2456 1161 2495 terris.
1187 2467 1328 2495 eorum
1352 2459 1489 2495 tamen
1508 2454 1777 2494 conuersatio
1802 2452 2031 2493 secundum

169 2525 359 2579 regulam
394 2510 507 2564 beati
540 2524 762 2564 Benedicti
788 2524 954 2575 semper
986 2529 1124 2564 manet
1157 2536 1233 2576 per
1259 2525 1646 2576 contemplationem
1679 2522 1814 2576 patrie
1847 2516 2033 2573 superne
