2212 2876
1077 73 1190 133 eos!
1216 131 1230 133 ‚

198 218 350 258 domini
382 218 505 272 regis
539 228 682 256 omnes
716 217 1018 267 possessiones
1053 219 1095 255 et
1126 216 1346 255 libertates
1375 215 1561 254 ecclesie
1594 227 1628 254 s.
1667 216 1821 267 Ypolili
1854 217 1896 255 in
1930 218 2071 255 castro

197 286 385 328 Gradi-sc
424 288 533 341 sicut
579 298 635 325 ex
678 285 966 338 antiquissima
1013 283 1255 324 fundatione
1301 288 1343 324 et
1392 295 1448 323 ex
1492 285 1558 335 pia
1601 284 1823 324 collatione
1865 285 2069 338 quondam

194 354 337 395 fratris
381 357 513 396 nostri
564 355 820 395 dilectissimi
869 354 1112 406 Wladtzlay
1157 353 1411 393 marchionis
1451 354 1650 392 Morauie
1698 352 1833 393 felicis
1875 356 2070 395 memorie

194 425 356 464 habere
397 412 665 478 dignoscitur
705 454 715 463 .
750 452 760 463 .
793 453 803 463 .
846 422 1190 465 confirmauimus.
1239 423 1473 462 adicientes
1517 422 1569 462 de
1609 424 1754 477 gratia
1798 425 1975 474 speciali
2016 425 2070 465 ad

194 493 345 545 prefati
380 494 574 533 wiberti
607 494 844 532 meritorum
886 493 1151 546 exigentiam
1184 493 1250 532 ivs
1291 492 1485 530 montium
1518 493 1559 531 in
1600 493 1850 532 Koverm'clt
1891 497 1932 532 et
1965 505 2069 545 pre-

194 563 301 602 dium
342 564 383 602 in
424 561 649 603 61οᾰοηίσᾶ
690 564 782 602 iure
822 562 1078 602 hereditario
1121 561 1174 601 ad
1217 561 1393 601 eandem
1434 562 1740 613 preposituram
1782 566 2064 614 spectaturum

195 635 274 671 etc.
315 661 325 670 .
368 660 378 670 .
420 632 572 671 Actum
613 633 723 684 apud
764 632 996 684 Znoymam
1035 643 1144 672 anno
1185 631 1390 671 dominice
1430 631 1731 670 incarnationis
1773 630 2069 673 MCCxxlx.

192 701 255 740 111
287 701 386 741 Idus
420 701 578 742 Martii.

503 801 534 833 E
559 800 676 833 codice
700 800 1066 833 Tischnowicensi
1088 800 1160 833 Ms.

1033 975 1234 1019 CXCIII.

191 1072 418 1125 makmas,
443 1074 648 1113 Boemz’ae
678 1085 775 1124 rem,
809 1076 849 1112 el
870 1073 1116 1114 Constancia
1147 1074 1298 1124 reye'na
1323 1074 1548 1126 conferunt
1568 1073 1824 1112 monasterio
1857 1085 1890 1112 s.
1916 1073 2064 1113 Bene-

190 1142 292 1182 dicti
326 1143 462 1195 juoela
501 1143 700 1183 Brumtm
739 1143 807 1192 (in
844 1142 970 1192 Luh)
1007 1142 1231 1194 praedium
1272 1142 1450 1183 Rudollc'
1491 1143 1535 1181 in
1584 1142 1769 1182 Jlantce.
1832 1143 1983 1182 Accam
2023 1145 2063 1183 et

627 1211 773 1251 datum
805 1212 849 1251 in
880 1212 1049 1264 Bruma,
1082 1211 1231 1251 Idibus
1263 1212 1427 1263 Mat-lii,
1468 1211 1619 1251 1229.

321 1304 381 1365 In
425 1324 589 1364 nomine
629 1326 780 1365 sancte
822 1327 864 1364 et
903 1323 1116 1363 indiuidue
1155 1324 1366 1363 trinitatis.
1431 1323 1658 1364 Ottacarus
1701 1324 1771 1376 qui
1812 1327 1854 1363 et
1886 1324 2067 1364 Premizl

191 1393 258 1448 dei
300 1394 446 1447 gratia
494 1404 575 1439 rex
614 1394 873 1433 Boemorum.
936 1393 1003 1433 Ne
1054 1404 1105 1433 ea
1146 1404 1226 1445 que
1274 1405 1299 1433 a
1339 1393 1459 1432 nobis
1508 1394 1575 1444 pie
1626 1393 1901 1444 disponuntur
1941 1398 2066 1446 atque

189 1463 496 1519 rationabiliter
530 1462 775 1502 ordinantur
815 1466 857 1502 et
898 1464 1077 1502 maxime
1117 1464 1233 1502 circa
1272 1462 1365 1501 loca
1409 1462 1706 1516 religiosorum
1742 1462 1821 1501 deo
1861 1461 2067 1502 famulan-

189 1533 285 1571 tium
319 1532 525 1571 humiliter
558 1535 600 1572 et
633 1531 800 1572 deuote.
834 1533 997 1583 possint
1021 1543 1099 1583 per
1133 1542 1377 1583 quemquam
1401 1531 1602 1571 hominum
1636 1542 1843 1582 processu
1869 1533 2066 1584 temporis

189 1602 405 1640 immutari.
447 1601 523 1640 sed
564 1605 769 1653 perpetuo
811 1602 1060 1641 inconuulsa
1102 1604 1380 1652 permaneant
1427 1604 1553 1652 atque
1601 1599 1790 1640 firmitate
1832 1602 2066 1656 gaudeant.

191 1669 342 1709 Notum
376 1672 430 1709 sit
462 1671 674 1710 uniuersis
707 1674 788 1710 tam
822 1670 1093 1722 presentibus
1127 1682 1247 1723 quam
1280 1669 1442 1710 suturis.
1477 1670 1584 1722 quod
1620 1682 1711 1710 cum
1744 1671 1788 1710 in
1821 1671 2067 1723 amplianda

191 1740 360 1778 ciuitate
398 1742 545 1778 2103er
585 1741 837 1779 Bruma-ensi
879 1751 1071 1780 essemus
1106 1740 1264 1780 intenti.
1305 1739 1450 1780 hortos
1491 1739 1690 1791 quosdam
1731 1751 1858 1780 secus
1901 1738 2067 1780 fundum

190 1806 411 1862 figulorum
451 1821 534 1848 una
575 1821 664 1848 cum
708 1810 825 1849 curia
878 1810 1146 1850 cambiuimus
1189 1821 1278 1848 cum
1326 1807 1527 1848 fratribus
1569 1809 1727 1848 ordinis
1770 1821 1804 1848 S.
1844 1809 2067 1848 Benedicti

191 1881 288 1917 ante
322 1876 523 1928 prefatam
558 1879 768 1917 ciuitatem
802 1879 843 1917 in
877 1878 1055 1919 cenobio
1095 1878 1373 1918 manentibus.
1408 1882 1450 1917 et
1489 1877 1677 1917 dedimus
1710 1879 1814 1929 ipsis
1847 1878 1888 1917 in
1921 1890 2066 1918 manus

191 1947 357 1986 abbatis
398 1947 450 2001 de
499 1947 699 1987 'I'rebech
741 1948 904 1987 nomine
954 1947 1091 1988 Zvest
1129 1947 1296 1987 totidem
1349 1946 1563 1985 ortulanos
1601 1958 1658 1985 na
1708 1947 1832 1987 [ιη-30
1872 1951 1914 1986 et
1961 1947 2065 1986 duos

194 2027 361 2055 mansos
396 2016 449 2055 ad
484 2017 709 2057 ecclesiam
743 2029 777 2056 s.
810 2017 992 2057 Martini
1024 2019 1270 2068 spectantes
1304 2020 1345 2055 et
1375 2016 1516 2055 curias
1551 2013 1660 2056 Cate
1695 2014 1812 2070 figuli
1847 2020 1888 2056 et
1920 2015 2066 2056 Bolms

192 2086 406 2139 sagittarii
441 2086 493 2126 ad
528 2097 606 2125 nos
641 2086 902 2137 pertinentes
935 2087 1026 2125 iure
1060 2089 1263 2136 perpetuo
1304 2084 1564 2124 hereditarie
1596 2085 1889 2136 possidendas.
1953 2085 2065 2126 Pre-

194 2155 303 2193 senti
343 2165 448 2193 vero
489 2158 676 2205 tempore
725 2154 776 2194 ad
818 2155 1166 2194 intercessionem
1215 2157 1360 2193 nostre
1401 2154 1623 2194 karissime
1665 2155 1863 2209 coniugis
1903 2154 2066 2193 domine

194 2221 458 2263 Constantio.
494 2228 535 2262 ut
569 2222 767 2263 fratribus
801 2224 853 2263 ad
888 2228 1156 2278 augmentum
1192 2223 1327 2262 cultus
1354 2223 1481 2262 diuini
1514 2234 1861 2263 succurreremus
1896 2235 2064 2262 eorum-

194 2304 276 2344 que
317 2293 546 2332 01·ationum
588 2294 815 2345 participes
850 2293 1055 2332 fieremus.
1096 2292 1459 2343 superaddidimus
1501 2293 1553 2332 de
1597 2293 1741 2347 gratie
1781 2293 1979 2344 specialis
2023 2296 2064 2331 et

194 2362 320 2415 regie
354 2359 631 2401 munificentie
666 2391 675 2400 .
709 2391 719 2401 .
753 2391 762 2401 .
796 2363 981 2413 predium
1022 2362 1189 2402 Rudolti
1232 2363 1272 2400 in
1305 2363 1457 2401 Manc'z
1498 2363 1613 2401 iuxta
1646 2363 1858 2401 Brunnam
1899 2361 1951 2400 ad
1987 2373 2063 2399 nos

190 2430 449 2470 hereditarie
484 2430 720 2470 devolutum
754 2435 795 2470 et
827 2432 912 2471 tale
945 2430 1096 2470 sactum
1129 2434 1271 2482 utpote
1299 2431 1404 2481 pium
1440 2435 1481 2471 et
1514 2431 1732 2470 honestum
1765 2431 1886 2470 liuius
1919 2430 2063 2481 scripti

192 2503 340 2539 tenore
366 2529 375 2539 .
402 2529 411 2539 .
441 2528 450 2537 .
475 2497 707 2539 firmissima
740 2501 868 2555 regia
901 2502 1151 2540 auctoritate
1178 2498 1439 2540 lirmauimus.
1489 2500 1556 2540 Ad
1591 2500 1713 2540 huius
1746 2501 1886 2553 itaque
1920 2504 2062 2539 nostre
