2212 2876
1013 95 1075 136 91

949 239 1158 279 LXXVI.

115 341 341 381 Honorius
387 354 501 394 papa
547 341 635 381 III.
682 340 857 382 mandat
901 342 1224 395 archiepiscopo
1273 343 1548 394 Jloquntino,
1596 346 1642 383 ul
1687 345 1989 385 monasterium

185 410 516 451 Welelzradense
547 411 755 451 adversus
789 411 1117 464 depraedatores
1158 414 1334 451 tueatur.
1398 413 1559 453 Dolum
1590 413 1801 454 Laterani
1832 413 1932 454 ΧΓ.

736 480 963 521 Kalendas
996 481 1175 533 Aprilis,
1216 481 1236 521 1
1249 481 1279 521 2
1293 481 1311 520 1
1325 480 1370 522 7.

247 560 486 621 Honorius
532 579 757 630 episcopus
806 591 960 619 seruus
1003 591 1220 621 seruorum
1268 581 1349 621 dei.
1413 582 1745 622 Venerabilibus
1784 580 1984 622 fratribus

115 648 372 702 Moguntino
415 648 739 699 archiepiscopo
780 653 822 688 et
862 648 1151 703 suffraganeis
1200 652 1291 690 eius
1333 654 1374 690 et
1414 651 1577 691 dilectis
1618 649 1710 691 filiis
1753 652 1990 705 abbatibuS,

116 717 340 771 prioribus,
376 717 566 771 decanis,
599 718 910 757 archidiaconis
951 722 993 758 et
1025 719 1118 758 aliis
1159 720 1435 759 ecclesiarum
1471 721 1644 771 prelatis
1687 732 1763 772 per
1794 721 1990 776 Mogun-

115 787 240 826 tinam
284 787 538 838 prouinciam
585 788 823 826 constitutis
864 788 1040 827 salutem
1081 792 1123 827 et
1169 789 1440 839 apostolicam
1484 789 1830 830 benedictionem.
1894 791 1990 830 Non

116 856 280 907 absque
314 856 459 895 dolore
493 855 634 895 cordis
668 860 710 895 et
732 856 903 907 piurima
938 857 1176 896 turbatione
1204 858 1435 911 didicimuS,
1470 858 1579 910 quod
1613 859 1669 898 ita
1704 860 1744 898 in
1777 860 1991 912 plerisque

116 925 304 976 partibus
345 925 640 964 ecclesiastica
680 936 865 964 censura
900 926 1154 979 dissoluitur,
1196 931 1238 966 et
1277 928 1483 967 canonice
1524 929 1736 968 sententie
1778 930 1991 969 seueritas

116 997 360 1047 eneruatur,
393 997 439 1033 ut
471 995 551 1033 viri
586 994 796 1048 religiosi,
833 997 875 1034 et
908 994 964 1033 hii
997 996 1189 1048 maxime,
1224 996 1292 1047 qui
1327 1008 1403 1047 per
1434 996 1552 1036 sedis
1590 983 1825 1048 apostolice
1859 999 1990 1049 priui-

113 1064 233 1118 legia
273 1064 418 1102 maiori
461 1063 603 1103 donati
643 1069 739 1103 sunt
783 1064 992 1116 libertate,
1033 1066 1188 1115 passim
1237 1077 1261 1104 a
1304 1063 1644 1106 malefactoribus
1687 1067 1776 1106 suis
1817 1068 1991 1106 iniurias

113 1133 365 1184 sustineant,
405 1136 448 1172 et
495 1134 683 1185 rapinas,
726 1133 820 1173 dum
861 1134 936 1172 vix
977 1134 1200 1188 inuenitur,
1242 1136 1311 1187 qui
1359 1147 1558 1190 congrua
1604 1136 1683 1176 illis
1729 1138 1990 1188 protectione

114 1202 354 1255 subueniat,
397 1206 439 1242 et
484 1214 560 1253 pro
610 1200 793 1242 fouenda
844 1214 1070 1254 pauperum
1119 1204 1373 1258 innocentia,
1422 1216 1471 1244 se
1519 1217 1673 1244 murum
1729 1203 1989 1246 defensionis

114 1275 317 1324 opponat3
349 1272 594 1323 specialiter
643 1277 780 1311 autem
830 1271 970 1311 dilecti
1019 1271 1084 1312 filii
1133 1273 1267 1312 abbas
1320 1277 1362 1313 et
1411 1272 1567 1314 fratres
1611 1274 1988 1315 VVelehradenses

115 1340 420 1383 cisterciensis
463 1341 620 1381 ordinis
674 1342 969 1381 Holmucensis
1011 1342 1197 1381 diocesis
1246 1347 1327 1382 tam
1371 1342 1424 1382 de
1472 1341 1766 1395 frequentibus
1814 1345 1989 1398 iniuriis,

113 1422 233 1463 quam
266 1410 319 1450 de
352 1411 444 1461 ipso
473 1410 713 1462 quotidiano
738 1409 908 1450 defectu
941 1412 1096 1451 iustitie
1124 1416 1437 1464 conquerentes
1463 1413 1780 1452 uniuersitatem
1805 1418 1990 1453 vestram

113 1479 246 1520 literis
286 1480 498 1531 petierunt
537 1480 781 1531 apostolicis
814 1481 1008 1534 excitari,
1047 1486 1092 1521 ut
1130 1482 1187 1520 ita
1229 1481 1430 1522 videlicet
1469 1483 1532 1521 eis
1574 1483 1616 1521 in
1655 1483 1990 1523 tribulationibus

113 1550 203 1589 suis
230 1553 377 1588 contra
401 1546 701 1588 malefactores
726 1560 868 1589 eorum
894 1553 1080 1601 prompta
1105 1550 1298 1590 debeatis
1329 1552 1677 1606 magnanimitate
1704 1563 1989 1608 consurgere,

114 1618 224 1670 quod
265 1617 319 1657 ab
369 1619 599 1672 angustiis,
648 1629 753 1670 quas
807 1619 1029 1673 sustinent,
1070 1623 1112 1659 et
1152 1620 1366 1671 pressuris
1415 1625 1561 1660 vestro
1602 1622 1764 1672 possint
1803 1622 1989 1672 presidio

115 1688 346 1738 respirare.
411 1687 598 1739 Ideoque
636 1689 901 1728 uniuersitati
943 1693 1087 1729 vestre
1134 1701 1210 1739 per
1250 1689 1482 1740 apostolica
1535 1691 1696 1742 scripta
1735 1691 1989 1742 mandamus,

115 1759 242 1808 atque
277 1756 545 1810 precipimus,
580 1760 787 1808 quatenus
821 1757 928 1810 illos,
952 1759 1020 1810 qui
1054 1759 1355 1809 possessiones
1388 1759 1457 1798 vel
1482 1770 1568 1813 res,
1601 1771 1679 1799 seu
1713 1760 1853 1799 domos
1886 1772 1989 1811 pre-

114 1825 316 1866 dictorum
342 1823 527 1880 fratrum,
551 1826 621 1866 vel
644 1826 849 1866 hominum
872 1839 1040 1867 suorum
1062 1828 1353 1867 irreuerenter
1380 1829 1629 1883 inuaseriiit,
1657 1832 1730 1868 aut
1757 1840 1808 1868 ea
1834 1830 1988 1869 iniuste

114 1894 381 1950 detinuerint,
416 1906 497 1947 que
524 1895 726 1947 predictis
759 1895 960 1936 fratribus
994 1908 1051 1936 ex
1074 1900 1324 1937 testamento
1358 1897 1649 1938 decedentium
1684 1885 1988 1952 relinquuntur,

114 1975 194 2004 seu
226 1964 267 2003 in
300 1965 416 2016 ipsos
449 1962 604 2004 fratres
640 1969 789 2005 contra
822 1967 1054 2017 apostolice
1079 1966 1196 2006 sedis
1229 1966 1386 2006 indulta
1420 1968 1670 2007 sententiam
1703 1969 1988 2007 excommuni-

115 2033 309 2086 cationis,
342 2037 413 2073 aut
444 2034 654 2074 interdicti
695 2036 1028 2086 presumpserint
1060 2036 1348 2090 promulgare,
1387 2037 1457 2075 vel
1491 2036 1675 2076 decimas
1715 2036 1901 2076 laborum
1935 2037 1988 2077 de

112 2102 242 2142 terris
282 2101 436 2142 habitis
470 2107 568 2144 ante
611 2105 829 2144 concilium
863 2106 1089 2160 generale,
1123 2117 1201 2145 seu
1243 2106 1583 2145 nutrimentorum
1615 2107 1798 2157 ipsorum
1831 2108 1988 2158 spretis

115 2171 349 2222 apostolice
381 2172 498 2212 sedis
530 2173 770 2227 priuilegiis
802 2178 1074 2228 extorquere,
1113 2175 1336 2214 monitione
1363 2175 1584 2229 premissa,
1617 2176 1654 2214 si
1694 2176 1787 2215 laici
1820 2174 1987 2228 fuerint,

115 2240 281 2292 publice
314 2241 503 2281 candelis
536 2244 734 2282 accensis
768 2244 1208 2284 excommunicationis
1241 2245 1453 2283 sententia
1486 2244 1741 2295 percellatis.
1799 2244 1847 2285 Si
1882 2256 1986 2284 vero

116 2310 362 2361 clericivel
394 2312 585 2350 canonici
610 2313 854 2367 regulares,
889 2324 968 2353 seu
1000 2313 1194 2353 monachi
1217 2311 1386 2367 fuerint,
1420 2324 1495 2353 eos
1521 2314 1802 2365 appellatione
1829 2302 1987 2354 remota

116 2379 169 2418 ab
204 2377 338 2418 officio
382 2383 425 2419 et
456 2379 662 2421 beneficio
705 2382 997 2435 suspendatis,
1038 2386 1227 2421 neutram
1267 2382 1498 2421 relaxaturi
1539 2384 1804 2437 sententiam,
1848 2383 1983 2422 donec

117 2448 319 2499 predictis
351 2446 552 2488 fratribus
586 2450 774 2500 plenarie
801 2450 1080 2503 satisfaciant,
1115 2455 1157 2490 et
1189 2456 1269 2491 tam
1296 2451 1391 2490 laici
1421 2464 1541 2503 quam
1576 2452 1719 2491 clerici
1750 2452 1985 2497 seculares,

117 2517 184 2568 qui
225 2529 300 2568 pro
340 2517 528 2558 violenta
565 2531 754 2559 manuum
796 2520 1023 2560 iniectione
1063 2520 1341 2560 anathematis
1382 2521 1553 2561 vinculo.
1590 2519 1747 2561 fuerint
1785 2521 1984 2573 innodati,

1568 2587 1673 2629 12*
