2212 2876
1048 87 1154 129 252

167 244 318 275 socrus
357 244 451 275 mea
491 233 528 272 si
570 242 658 286 ego
701 242 831 282 super
869 231 1058 271 uiuerem
1098 230 1138 270 ei
1179 229 1345 270 dederit
1383 229 1506 270 michi
1544 230 1683 271 uillam
1721 231 1764 271 in
1804 230 1900 283 Gay
1940 235 2038 273 ante

162 301 466 343 wratislauiam
499 300 728 341 secundum
761 299 870 352 quod
903 300 996 352 ipsa
1029 302 1096 339 est
1128 298 1323 351 professa
1365 311 1505 339 coram
1539 300 1702 340 domino
1736 301 1786 341 Τ.
1818 301 2038 342 wratisla-

162 373 302 414 uiensi
334 372 546 424 Episcopo
588 373 630 409 et
663 370 852 409 omnibus
893 369 1146 420 subscriptis
1179 369 1357 411 eandem
1400 370 1532 409 eciam
1564 369 1702 409 uillam
1741 374 1837 422 post
1867 375 2038 418 mortem

162 453 294 483 meam
326 441 516 492 relinquo
559 439 684 479 beato
716 437 903 479 Johanni
943 449 1106 490 ponens
1139 438 1180 477 in
1214 440 1392 490 opcioue
1424 439 1622 478 veiusdem
1654 439 1860 491 Episcopi
1890 442 1928 481 si
1959 441 2039 481 sibi

161 512 369 564 placuerit
400 510 599 550 uillarum
629 509 804 548 omnium
837 508 1119 560 predictarum
1158 508 1322 559 plenam
1364 509 1405 549 in
1438 509 1630 560 presenti
1670 509 1831 549 intrare
1862 521 2039 561 posses-

162 564 321 620 sionem
347 573 542 638 deauilli's
574 571 688 618 beati
720 577 930 618 Johannis
963 577 1086 617 michi
1115 579 1157 618 et
1188 578 1330 617 socrui
1361 588 1454 618 mee
1488 581 1530 617 et
1561 579 1687 618 vxori
1718 589 1810 618 mee
1843 579 1886 618 in
1918 580 2039 631 equi-

162 650 333 702 pollenti
365 641 586 700 preuideat
616 647 793 687 utilitate
827 658 907 700 quo
941 646 994 687 ad
1020 650 1201 687 nostram
1236 647 1374 686 uitam.
1438 647 1502 687 Ita
1527 647 1727 687 videlicet
1767 648 1874 699 quod
1908 648 2041 688 here-

163 719 318 759 ditates
351 729 442 758 mee
475 720 698 769 prenotate
733 717 856 757 beato
890 716 1076 757 ,Iohanni
1111 716 1267 756 cedant
1299 719 1341 756 in
1374 717 1562 768 presenti
1597 728 1688 756 cum
1721 717 1908 757 omnibus
1942 718 2040 757 atti-

162 789 325 829 nenciis
359 790 400 827 et
433 786 677 826 utilitatibus
711 797 793 838 que
826 786 879 825 ad
915 786 1030 837 ipsas
1059 786 1273 837 pertinere
1306 792 1550 826 noscuntur.
1576 789 1670 837 post
1701 791 1869 826 mortem
1904 791 2040 827 autem

164 862 349 898 nostram
382 857 480 896 uille
525 867 605 908 que
639 867 697 895 ex
730 859 851 907 parte
884 856 1084 895 Ecclesie
1116 859 1342 895 memorate
1375 867 1450 907 pro
1490 867 1570 895 usu
1607 857 1694 895 uite
1733 860 1880 896 nostre
1919 856 2040 896 nobis

161 926 318 968 suerint
350 927 577 980 assignate
611 927 716 965 omni
757 923 893 964 fructu
935 929 976 964 et
1010 929 1215 977 apparatu
1249 925 1300 964 ad
1333 926 1463 977 ipsam
1498 926 1723 965 ecclesiam
1756 929 2039 965 reuertantur.

161 998 314 1037 Actum
348 999 415 1035 est
447 995 540 1035 hoc.
574 995 699 1034 Anno
729 994 933 1034 dominice
967 995 1281 1033 incarnacionis
1314 995 1375 1034 Μ.
1402 992 1491 1035 CC.
1518 995 1729 1035 XXXIII.
1763 996 1803 1034 in
1838 995 1904 1035 die
1938 1007 2040 1034 san-

162 1072 319 1106 ctorum
352 1066 424 1104 viti
461 1069 502 1104 et
534 1065 742 1103 sociorum
777 1067 817 1102 in
850 1063 948 1103 uilla
982 1074 1072 1103 mea
1107 1064 1348 1115 Pransyna.
1411 1065 1459 1105 In
1500 1064 1567 1104 die
1602 1075 1682 1116 qua
1717 1062 1906 1104 fundauit
1938 1075 2040 1115 pre-

163 1140 328 1176 notatus
362 1135 602 1186 Episcopus
634 1134 874 1174 Ecclesiam
908 1134 948 1172 in
984 1133 1130 1172 eadem
1163 1133 1274 1172 uilla.
1309 1137 1350 1172 et
1385 1131 1466 1172 feci
1500 1133 1823 1184 disposicionem
1857 1133 1965 1173 11300
1999 1134 2040 1173 10

162 1205 387 1258 presencia
430 1204 615 1242 eiusdem
657 1203 859 1254 Episcopi
900 1206 942 1241 et
974 1202 1180 1256 Magistri
1222 1202 1457 1256 Reginaldi
1498 1202 1785 1242 archidiaconi
1827 1202 1879 1242 de
1921 1202 2038 1253 Opol.

165 1275 328 1315 Socrus
362 1284 453 1313 mee
488 1276 530 1312 et
563 1273 712 1312 onris
754 1283 859 1311 mee.
925 1271 1089 1312 Ottonis
1125 1272 1342 1311 venatoris
1383 1272 1697 1326 consanguinei
1736 1273 1827 1311 mei.
1863 1274 2040 1323 voycesi

165 1345 380 1397 pincerne.
414 1341 601 1382 Makarii
628 1340 694 1381 filii
722 1341 943 1381 adalberti.
975 1340 1133 1380 Alexii.
1160 1341 1379 1380 mai-cussii
1403 1345 1684 1395 cognatorum
1711 1352 1903 1380 meorum.
1936 1341 2039 1381 her-

162 1414 298 1454 manni
338 1412 492 1453 tribuni
541 1411 593 1451 de
635 1410 852 1451 Otlnnuch.
894 1410 1100 1464 Magistri
1134 1410 1214 1450 ade
1249 1408 1454 1451 Canonici
1489 1411 1855 1450 wratislauiensis.
1891 1410 2040 1450 domini

161 1483 334 1524 Martini
376 1480 633 1523 Cancellarii
674 1481 889 1532 Episcopi.
930 1480 1096 1520 Alberti
1139 1480 1307 1531 plebani
1347 1481 1483 1520 sancti
1517 1477 1725 1531 ‘Sepulcri
1766 1481 1817 1520 de
1851 1480 2038 1535 legnicz.

165 1552 342 1594 Gotardi
376 1550 583 1603 capellani
605 1547 911 1591 Cracouiensis
939 1551 1141 1601 Episcopi
1166 1550 1392 1601 Grodyslai
1420 1549 1487 1590 filii
1515 1550 1610 1601 lupi.
1642 1549 1802 1591 Slauici
1830 1550 2039 1589 ‚Iohannis

165 1621 233 1661 filii
267 1621 406 1673 pipini.
450 1620 603 1660 nicolai
642 1619 817 1661 Sulizlai
860 1619 1171 1670 capellanorum
1212 1619 1360 1658 domini
1394 1620 1608 1670 Episcopi.
1649 1619 1857 1670 Stephani
1897 1617 2039 1659 fratris

165 1691 384 1731 Jacconis.
417 1689 627 1730 Johannis
661 1689 781 1728 calui.
816 1689 1016 1743 Bogdani
1050 1687 1336 1740 Subdapiseri.
1371 1689 1578 1729 albrachti
1612 1692 1653 1728 et
1687 1689 1898 1729 multorum
1932 1689 2040 1729 alio-

163 1773 250 1800 rum
284 1760 533 1800 clericorum
566 1762 608 1798 et
641 1758 852 1798 laicorum.
1402 1743 1406 1749 ¹

473 1859 503 1893 E
527 1859 650 1892 Libro
674 1859 788 1901 nigro
814 1858 980 1890 ecclesiae
1003 1858 1247 1890 'Wratislaw
1276 1858 1416 1901 apogr.
1445 1860 1476 1890 in
1500 1858 1659 1890 analectis
1685 1857 1773 1890 Prof.
1798 1857 1982 1890 Stenzel.

975 2034 1220 2077 CCXXXI.

172 2134 459 2185 H'cnceslcms,
493 2145 576 2172 rea:
608 2133 826 2181 Bocmz‘ae9
858 2133 1038 2172 restimil
1067 2132 1322 2171 monasterio
1354 2131 1546 2172 Siloensz·
1581 2130 1688 2170 bona
1721 2143 1746 2170 a
1776 2131 1880 2183 filiis
1920 2131 2038 2171 11⁷0!-

161 2204 295 2255 s'ramoe‘
328 2206 366 2241 el
400 2203 623 2254 Rcmo‘ijri,
656 2201 858 2241 nobilium
892 2201 944 2240 dc
976 2202 1191 2252 Met-avia,
1224 2200 1374 2240 ablalct.
1424 2201 1496 2239 DI.
1529 2200 1646 2254 apud
1670 2199 1873 2249 CIadrub,
1915 2200 2038 2241 1'111.

738 2270 962 2311 Kalendas
995 2269 1270 2323 Septembris,
1313 2269 1464 2309 1233.

294 2363 468 2426 Notum
502 2383 556 2421 sit
581 2383 767 2421 omnibus
795 2386 1034 2434 presentem
1064 2383 1262 2436 paginam
1298 2383 1567 2433 inspecturis.
1597 2382 1705 2434 quod
1731 2394 1807 2421 nos
1835 2381 2037 2421 IVence-

165 2454 281 2493 zlaus
316 2452 381 2492 dei
417 2453 570 2506 gracia
604 2452 853 2491 Boemorum
888 2463 979 2491 rex.
1038 2452 1262 2492 Ecclesias
1296 2452 1392 2491 Dei.
1428 2463 1508 2503 que
1544 2462 1619 2502 per
1652 2462 1831 2505 regnum
1866 2450 2037 2489 Boemie

164 2528 259 2561 sunt
292 2526 547 2561 constructe.
573 2526 652 2561 tam
687 2522 726 2560 in
752 2521 1049 2572 temporalibus
1083 2533 1201 2573 quam
1229 2521 1268 2560 in
1303 2521 1589 2573 spiritualibus
1616 2519 1822 2571 proficere
1847 2519 2036 2558 uolentes
