2212 2876
991 80 1087 120 121

109 223 346 264 testimonio
391 223 617 275 proborum
655 222 860 263 hominum
907 234 960 262 ac
1002 223 1203 277 sigillatis
1251 222 1518 262 inueniantur
1565 222 1715 261 litteris
1766 221 1979 261 roburata.

108 295 152 332 ut
185 304 274 332 cum
307 293 348 332 in
382 291 621 346 ambiguum
654 292 907 332 deuenerint
939 292 1185 343 conspectui
1218 292 1444 330 viuentium
1477 295 1776 342 presententur
1809 294 1850 330 et
1883 295 1980 330 tunc

110 361 230 412 quasi
272 360 324 400 ad
368 372 549 412 presens
578 364 684 401 acta
727 361 899 400 cuilibet
938 361 1118 399 dilucide
1161 360 1439 411 apparebunt.
1503 360 1659 399 Notum
1700 361 1840 411 itaque
1880 371 1982 410 prem

108 430 298 469 sentibus
332 434 374 469 et
405 427 554 469 futuris
587 430 641 469 ad
668 441 772 481 quos
805 440 985 481 presens
1012 430 1175 483 pagina
1209 430 1464 480 peruenerit.
1491 429 1600 480 quod
1633 441 1711 468 nos
1736 440 1811 479 pro
1844 428 1979 467 salute

108 510 160 538 ac
194 498 383 538 remedio
416 500 551 539 anime
585 503 730 539 nostre
763 503 889 550 atque
923 499 1096 537 omnium
1129 502 1363 538 nostrorum
1399 501 1626 548 parentum.
1661 497 1906 536 contulimus
1940 500 1982 536 et

113 568 359 608 donauimus
393 568 488 607 Deo
531 571 574 607 et
613 568 800 607 ecclesie
840 571 989 606 sancte
1022 567 1163 607 Marie
1203 567 1244 605 in
1283 567 1450 606 zze-ella
1494 566 1546 605 ad
1579 578 1698 605 usum
1738 566 1905 605 abbatis
1939 567 1982 605 et

108 634 286 677 fratrum
332 636 483 676 ibidem
533 636 694 676 domino
744 635 1046 676 famulancium.
1079 635 1266 687 predium
1315 635 1531 686 quoddam.
1579 635 1687 686 quod
1740 635 1980 689 vulgariter

109 705 256 748 Sabor
287 706 535 757 appellatur.
568 717 658 744 cum
687 705 875 744 omnibus
909 705 996 744 suis
1029 705 1317 755 pertinenciis,
1343 704 1514 754 campis.
1548 705 1680 753 pratis
1714 707 1839 755 atque
1873 703 1980 742 silua

110 774 447 827 quemadmodum
473 772 606 813 frater
622 778 767 813 noster
791 772 927 813 felicis
954 773 1150 813 memorie
1170 772 1254 811 dux
1279 771 1534 811 widericus
1559 762 1718 811 eisdem
1745 772 1981 811 contulerat

109 845 197 883 iure
242 843 498 883 hereditario
540 844 580 882 in
622 846 863 894 perpetuum
906 842 1216 893 possidendum.
1257 841 1313 880 ita
1346 844 1484 879 tamen
1526 840 1633 892 quod
1668 841 1799 890 ipsam
1832 841 1979 879 siluam

112 923 194 953 non
241 913 454 963 extirpent
499 911 550 950 ad
593 916 708 950 terre
755 915 1054 950 nocumentum.
1120 910 1180 948 Vt
1226 913 1362 948 autem
1410 908 1490 948 hoc
1547 909 1776 960 sollempne
1823 907 1976 948 factum

107 988 292 1022 nostrum
333 981 462 1020 robur
504 980 690 1019 obtineat
733 984 938 1030 perpetue
972 977 1186 1018 firmitatis.
1228 989 1410 1028 presens
1444 978 1642 1028 scriptum
1684 979 1816 1017 nostri
1848 978 1980 1032 sigilli

106 1051 326 1091 munimine
365 1047 539 1088 fecimus
577 1049 785 1088 roborari.
848 1048 958 1087 Nulli
1000 1059 1110 1102 ergo
1144 1048 1306 1086 omnino
1348 1046 1552 1085 hominum
1592 1046 1719 1086 liceat
1757 1046 1867 1086 hanc
1901 1058 1980 1098 pa-

109 1120 252 1175 ginam
294 1121 436 1158 nostre
477 1117 714 1157 donationis
754 1115 1008 1171 lnsringere.
1050 1117 1119 1155 vel
1160 1117 1198 1155 ei
1233 1128 1339 1155 ausu
1379 1116 1604 1155 temerario
1640 1116 1865 1155 contraire.
1929 1114 1976 1156 Si

105 1189 198 1241 quis
241 1199 345 1228 vero
392 1186 472 1226 hoc
514 1184 659 1226 facere
709 1186 1030 1237 attemptauerit.
1081 1186 1117 1224 si
1160 1197 1238 1236 par
1286 1189 1470 1223 nostrum
1520 1188 1598 1224 est.
1646 1185 1978 1239 indignationem

106 1257 396 1308 omnipotentis
437 1256 520 1295 Dei
561 1256 748 1295 incurret
794 1259 836 1294 et
874 1255 1067 1294 tradatur
1107 1255 1322 1306 perpetuis
1371 1254 1545 1307 ignibus
1595 1254 1862 1293 cruciandus.
1925 1253 1975 1294 Si

107 1331 242 1366 autem
276 1327 408 1365 minor
440 1325 575 1364 nobis.
608 1324 750 1378 regali
785 1335 952 1363 camere
995 1322 1031 1364 C
1072 1335 1238 1363 marcas
1279 1323 1450 1377 argenti
1492 1334 1567 1373 pro
1601 1334 1710 1374 pena
1743 1325 1977 1373 componat.

107 1396 257 1436 Actum
298 1396 337 1434 in
377 1393 581 1435 Switauis
622 1405 733 1433 anno
774 1393 1075 1433 incarnationis
1115 1391 1319 1431 dominice
1360 1391 1422 1431 Μ.
1457 1389 1547 1432 CC.
1581 1392 1704 1431 XXI.
1744 1391 1979 1431 Indictione

106 1464 184 1504 IX.
225 1465 265 1502 in
305 1464 520 1515 presentia
560 1462 703 1502 horum
747 1463 921 1501 omnium
961 1473 1133 1513 quorum
1173 1461 1337 1499 nomina
1376 1460 1703 1510 subsequuntur.
1768 1460 1979 1500 Robertus

107 1533 331 1585 episcopus
351 1532 659 1572 Olomucensis.
687 1530 953 1572 Wadizlars
975 1529 1168 1569 marchio
1194 1530 1407 1569 morauie.
1441 1529 1720 1567 trement-laus
1744 1531 1783 1567 et
1810 1527 1978 1568 {Wadi-

107 1601 230 1640 zlaus
250 1600 331 1653 filii
358 1599 517 1639 domim·
541 1600 657 1651 reye's
684 1599 892 1639 Premizl.
927 1599 1142 1638 Arnoldus
1168 1599 1406 1649 prepositus
1439 1597 1824 1650 WVisegradensis.
1858 1598 1978 1648 Eppo

107 1669 350 1723 Pragensis
383 1669 634 1719 prepositus.
659 1668 817 1707 Benes.
850 1667 917 1708 W
922 1668 1016 1707 itco.
1044 1668 1257 1707 Henricus
1284 1665 1417 1705 frater
1441 1667 1545 1705 eius.
1578 1667 1722 1705 JaroS.
1746 1667 1975 1720 Budiwog.

107 1736 260 1779 Colda.
301 1738 441 1777 Divis.
483 1735 701 1778 Castolov.
765 1738 867 1791 Ego
908 1747 1073 1789 quoque
1119 1737 1386 1775 Hermannus
1427 1733 1577 1785 prefati
1624 1736 1749 1789 regis
1790 1736 1978 1775 notarius

106 1804 273 1848 interfui
307 1809 350 1847 et
383 1817 439 1846 ex
471 1806 604 1857 ipsius
624 1810 840 1857 precepto
874 1806 1121 1857 conscripsi.
1154 1808 1198 1844 ut
1230 1805 1426 1855 superius
1460 1804 1709 1844 continetur.

416 1905 471 1937 Ex
495 1905 688 1948 originali
713 1906 901 1937 monasterii
924 1904 1183 1936 Zwetlensis
1214 1913 1338 1935 mecum
1368 1912 1388 1935 a
1412 1903 1451 1934 R.
1475 1903 1517 1934 D.
1540 1902 1674 1934 Abbate
1698 1904 1974 1934 communicatum.

951 2079 1135 2122 CXVII.

107 2184 354 2234 Ηεὶηνὶεηε,
402 2184 473 2235 qui
511 2186 550 2223 et
594 2183 872 2235 audimus,
913 2183 1107 2223 marchio
1148 2182 1388 2229 Moraviaea
1438 2181 1605 2233 confert
1654 2180 1976 2221 Welehrademz·

166 2253 422 2292 monasterio
452 2252 597 2292 villam
629 2251 856 2293 Sulcowice
888 2265 983 2292 cum
1015 2251 1192 2291 dimidia
1224 2251 1333 2289 sih-a
1365 2244 1522 2302 Ra-{Jm
1571 2251 1644 2290 Dc.
1687 2249 1917 2290 Welelzrml

709 2321 853 2373 pridie
885 2320 990 2360 Idus
1023 2321 1162 2371 Junii,
1203 2319 1356 2360 1221.

235 2399 296 2460 In
329 2418 494 2457 nomine
526 2421 678 2458 sancte
710 2422 753 2458 et
784 2418 996 2458 indiuidue
1028 2417 1223 2458 trinitatis
1256 2427 1390 2456 amen.
1445 2414 1537 2456 Nos
1569 2416 1797 2456 Heinricus
1831 2417 1897 2468 qui
1933 2422 1975 2456 et

105 2486 378 2527 Wladizlaus
419 2487 695 2527 miseracione
735 2487 876 2527 diuina
907 2486 1092 2526 marchio
1125 2486 1311 2526 morauie
1352 2485 1539 2526 claustro
1573 2488 1721 2526 sancte
1753 2485 1894 2526 Mai-ie
1927 2486 1968 2524 in

1598 2553 1659 2593 16
