<?xml version="1.0" encoding="UTF-8"?>
<!DOCTYPE html PUBLIC "-//W3C//DTD XHTML 1.0 Transitional//EN"
    "http://www.w3.org/TR/xhtml1/DTD/xhtml1-transitional.dtd">
<html xmlns="http://www.w3.org/1999/xhtml" xml:lang="en" lang="en">
 <head>
  <title>
</title>
<meta http-equiv="Content-Type" content="text/html;charset=utf-8" />
  <meta name='ocr-system' content='tesseract 3.04.00' />
  <meta name='ocr-capabilities' content='ocr_page ocr_carea ocr_par ocr_line ocrx_word'/>
</head>
<body>
  <div class='ocr_page' id='page_1' title='image "./codexdiplomaticu02morauoft_0319.png"; bbox 0 0 2212 2876; ppageno 0'>
   <div class='ocr_carea' id='block_1_1' title="bbox 1013 143 1117 184">
    <p class='ocr_par' dir='ltr' id='par_1_1' title="bbox 1013 143 1117 184">
     <span class='ocr_line' id='line_1_1' title="bbox 1013 143 1117 184; baseline -0.01 0"><span class='ocrx_word' id='word_1_1' title='bbox 1013 143 1117 184; x_wconf 82' lang='lat'><strong>309</strong></span> 
     </span>
    </p>
   </div>
   <div class='ocr_carea' id='block_1_2' title="bbox 127 269 1998 683">
    <p class='ocr_par' dir='ltr' id='par_1_2' title="bbox 127 269 1998 683">
     <span class='ocr_line' id='line_1_2' title="bbox 130 269 1995 347; baseline 0.001 -21"><span class='ocrx_word' id='word_1_2' title='bbox 130 286 290 341; x_wconf 79' lang='lat' dir='ltr'><strong>pagina</strong></span> <span class='ocrx_word' id='word_1_3' title='bbox 324 289 366 327; x_wconf 84' lang='lat' dir='ltr'><strong>et</strong></span> <span class='ocrx_word' id='word_1_4' title='bbox 398 287 528 342; x_wconf 80' lang='lat' dir='ltr'><strong>sigilli</strong></span> <span class='ocrx_word' id='word_1_5' title='bbox 562 287 694 326; x_wconf 80' lang='lat' dir='ltr'><strong>nostri</strong></span> <span class='ocrx_word' id='word_1_6' title='bbox 727 286 946 326; x_wconf 82' lang='lat' dir='ltr'><strong>munimine</strong></span> <span class='ocrx_word' id='word_1_7' title='bbox 987 269 1246 347; x_wconf 78' lang='lat' dir='ltr'><strong>roboramus.</strong></span> <span class='ocrx_word' id='word_1_8' title='bbox 1310 286 1446 326; x_wconf 76' lang='lat' dir='ltr'><strong>Hqus</strong></span> <span class='ocrx_word' id='word_1_9' title='bbox 1480 285 1542 325; x_wconf 90' lang='lat' dir='ltr'><strong>rei</strong></span> <span class='ocrx_word' id='word_1_10' title='bbox 1575 288 1711 326; x_wconf 87' lang='lat' dir='ltr'><strong>testes</strong></span> <span class='ocrx_word' id='word_1_11' title='bbox 1743 289 1860 329; x_wconf 86' lang='lat' dir='ltr'><strong>sunt:</strong></span> <span class='ocrx_word' id='word_1_12' title='bbox 1899 288 1995 328; x_wconf 91' lang='lat' dir='ltr'><strong>Do—</strong></span> 
     </span>
     <span class='ocr_line' id='line_1_3' title="bbox 128 354 1998 410; baseline 0.001 -16"><span class='ocrx_word' id='word_1_13' title='bbox 128 356 262 395; x_wconf 86' lang='lat' dir='ltr'><strong>minus</strong></span> <span class='ocrx_word' id='word_1_14' title='bbox 301 356 587 396; x_wconf 86' lang='lat' dir='ltr'><strong>Hartmannus</strong></span> <span class='ocrx_word' id='word_1_15' title='bbox 621 355 757 395; x_wconf 87' lang='lat' dir='ltr'><strong>abbas</strong></span> <span class='ocrx_word' id='word_1_16' title='bbox 797 355 1199 410; x_wconf 60' lang='lat' dir='ltr'><strong>IVellegradensis.</strong></span> <span class='ocrx_word' id='word_1_17' title='bbox 1241 354 1476 396; x_wconf 88' lang='lat' dir='ltr'><strong>Walcuno.</strong></span> <span class='ocrx_word' id='word_1_18' title='bbox 1515 354 1766 395; x_wconf 82' lang='lat' dir='ltr'><strong>Alexander</strong></span> <span class='ocrx_word' id='word_1_19' title='bbox 1806 357 1998 396; x_wconf 89' lang='lat' dir='ltr'><strong>monachi</strong></span> 
     </span>
     <span class='ocr_line' id='line_1_4' title="bbox 128 422 1996 479; baseline 0.001 -15"><span class='ocrx_word' id='word_1_20' title='bbox 128 424 542 479; x_wconf 43' lang='lat' dir='ltr'><strong>&amp;Vellegradenses</strong></span> <span class='ocrx_word' id='word_1_21' title='bbox 566 422 768 464; x_wconf 89' lang='lat' dir='ltr'><strong>Dominus</strong></span> <span class='ocrx_word' id='word_1_22' title='bbox 793 425 921 476; x_wconf 85' lang='lat' dir='ltr'><strong>Esau</strong></span> <span class='ocrx_word' id='word_1_23' title='bbox 945 428 1101 464; x_wconf 87' lang='lat' dir='ltr'><strong>custos.</strong></span> <span class='ocrx_word' id='word_1_24' title='bbox 1133 423 1354 478; x_wconf 80' lang='lat' dir='ltr'><strong>Magister</strong></span> <span class='ocrx_word' id='word_1_25' title='bbox 1379 423 1634 479; x_wconf 81' lang='lat' dir='ltr'><strong>Gregorius.</strong></span> <span class='ocrx_word' id='word_1_26' title='bbox 1668 425 1860 464; x_wconf 85' lang='lat' dir='ltr'><strong>canonici</strong></span> <span class='ocrx_word' id='word_1_27' title='bbox 1893 425 1996 466; x_wconf 83' lang='lat' dir='ltr'><strong>Olo-</strong></span> 
     </span>
     <span class='ocr_line' id='line_1_5' title="bbox 127 489 1996 535; baseline 0.001 -3"><span class='ocrx_word' id='word_1_28' title='bbox 127 504 366 532; x_wconf 89' lang='lat' dir='ltr'><strong>mucenses.</strong></span> <span class='ocrx_word' id='word_1_29' title='bbox 401 492 654 534; x_wconf 86' lang='lat' dir='ltr'><strong>Chunradus</strong></span> <span class='ocrx_word' id='word_1_30' title='bbox 687 494 876 533; x_wconf 86' lang='lat' dir='ltr'><strong>notarius</strong></span> <span class='ocrx_word' id='word_1_31' title='bbox 899 489 1154 535; x_wconf 72' lang='lat' dir='ltr'><strong>Bru&#39;uensis.</strong></span> <span class='ocrx_word' id='word_1_32' title='bbox 1182 490 1316 533; x_wconf 88' lang='lat' dir='ltr'><strong>frater</strong></span> <span class='ocrx_word' id='word_1_33' title='bbox 1338 493 1510 535; x_wconf 80' lang='lat' dir='ltr'><strong>Ulric-us</strong></span> <span class='ocrx_word' id='word_1_34' title='bbox 1544 493 1597 533; x_wconf 85' lang='lat' dir='ltr'><strong>de</strong></span> <span class='ocrx_word' id='word_1_35' title='bbox 1625 492 1741 533; x_wconf 84' lang='lat' dir='ltr'><strong>Ozla.</strong></span> <span class='ocrx_word' id='word_1_36' title='bbox 1774 494 1996 534; x_wconf 88' lang='lat' dir='ltr'><strong>Johannes</strong></span> 
     </span>
     <span class='ocr_line' id='line_1_6' title="bbox 128 550 1994 627; baseline 0.002 -27"><span class='ocrx_word' id='word_1_37' title='bbox 128 561 335 614; x_wconf 87' lang='lat' dir='ltr'><strong>plebanus</strong></span> <span class='ocrx_word' id='word_1_38' title='bbox 376 562 428 602; x_wconf 88' lang='lat' dir='ltr'><strong>de</strong></span> <span class='ocrx_word' id='word_1_39' title='bbox 463 563 708 614; x_wconf 86' lang='lat' dir='ltr'><strong>Zlapaniez.</strong></span> <span class='ocrx_word' id='word_1_40' title='bbox 750 566 792 602; x_wconf 90' lang='lat' dir='ltr'><strong>et</strong></span> <span class='ocrx_word' id='word_1_41' title='bbox 825 562 893 601; x_wconf 88' lang='lat' dir='ltr'><strong>alii</strong></span> <span class='ocrx_word' id='word_1_42' title='bbox 934 550 1054 614; x_wconf 87' lang='lat' dir='ltr'><strong>quam</strong></span> <span class='ocrx_word' id='word_1_43' title='bbox 1088 561 1244 627; x_wconf 70' lang='lat' dir='ltr'><strong>plures.</strong></span> <span class='ocrx_word' id='word_1_44' title='bbox 1307 562 1459 602; x_wconf 88' lang='lat' dir='ltr'><strong>Datum</strong></span> <span class='ocrx_word' id='word_1_45' title='bbox 1497 563 1539 602; x_wconf 92' lang='lat' dir='ltr'><strong>in</strong></span> <span class='ocrx_word' id='word_1_46' title='bbox 1579 560 1755 604; x_wconf 83' lang='lat' dir='ltr'><strong>Crimsir</strong></span> <span class='ocrx_word' id='word_1_47' title='bbox 1797 575 1907 603; x_wconf 86' lang='lat' dir='ltr'><strong>anno</strong></span> <span class='ocrx_word' id='word_1_48' title='bbox 1941 564 1994 604; x_wconf 86' lang='lat' dir='ltr'><strong>ab</strong></span> 
     </span>
     <span class='ocr_line' id='line_1_7' title="bbox 127 624 1547 683; baseline -0.001 -12"><span class='ocrx_word' id='word_1_49' title='bbox 127 631 429 672; x_wconf 84' lang='lat' dir='ltr'><strong>incarnacione</strong></span> <span class='ocrx_word' id='word_1_50' title='bbox 465 631 617 671; x_wconf 86' lang='lat' dir='ltr'><strong>domini</strong></span> <span class='ocrx_word' id='word_1_51' title='bbox 649 631 861 671; x_wconf 88' lang='lat' dir='ltr'><strong>millesimo</strong></span> <span class='ocrx_word' id='word_1_52' title='bbox 896 624 1370 672; x_wconf 52' lang='lat' dir='ltr'><strong>ducentesimo-XXXI</strong></span> <span class='ocrx_word' id='word_1_53' title='bbox 1394 632 1547 683; x_wconf 87' lang='lat' dir='ltr'><strong>quinto.</strong></span> 
     </span>
    </p>
   </div>
   <div class='ocr_carea' id='block_1_3' title="bbox 440 741 1364 788">
    <p class='ocr_par' dir='ltr' id='par_1_3' title="bbox 440 741 1364 788">
     <span class='ocr_line' id='line_1_8' title="bbox 440 741 1364 788; baseline -0.001 -12"><span class='ocrx_word' id='word_1_54' title='bbox 440 743 470 776; x_wconf 90' lang='lat' dir='ltr'><strong>E</strong></span> <span class='ocrx_word' id='word_1_55' title='bbox 494 743 729 776; x_wconf 81' lang='lat' dir='ltr'><strong>Monastico</strong></span> <span class='ocrx_word' id='word_1_56' title='bbox 753 743 823 776; x_wconf 86' lang='lat' dir='ltr'><strong>Ms.</strong></span> <span class='ocrx_word' id='word_1_57' title='bbox 847 744 879 775; x_wconf 91' lang='lat' dir='ltr'><strong>in</strong></span> <span class='ocrx_word' id='word_1_58' title='bbox 903 743 1038 776; x_wconf 85' lang='lat' dir='ltr'><strong>archivo</strong></span> <span class='ocrx_word' id='word_1_59' title='bbox 1062 741 1364 788; x_wconf 78' lang='lat' dir='ltr'><strong>Rayhradensi.</strong></span> 
     </span>
    </p>
   </div>
   <div class='ocr_carea' id='block_1_4' title="bbox 946 918 1167 975">
    <p class='ocr_par' dir='ltr' id='par_1_4' title="bbox 946 918 1167 975">
     <span class='ocr_line' id='line_1_9' title="bbox 946 918 1167 975; baseline -0.018 0"><span class='ocrx_word' id='word_1_60' title='bbox 946 918 1167 975; x_wconf 75' lang='lat' dir='ltr'>chxx.</span> 
     </span>
    </p>
   </div>
   <div class='ocr_carea' id='block_1_5' title="bbox 125 1040 1994 1288">
    <p class='ocr_par' dir='ltr' id='par_1_5' title="bbox 135 1040 1994 1094">
     <span class='ocr_line' id='line_1_10' title="bbox 135 1040 1994 1094; baseline 0.001 -15"><span class='ocrx_word' id='word_1_61' title='bbox 135 1040 423 1091; x_wconf 41' lang='lat' dir='ltr'><strong>I‘I&#39;enceslautz</strong></span> <span class='ocrx_word' id='word_1_62' title='bbox 456 1052 541 1080; x_wconf 67' lang='lat' dir='ltr'><strong>res:</strong></span> <span class='ocrx_word' id='word_1_63' title='bbox 571 1040 788 1092; x_wconf 73' lang='lat' dir='ltr'><strong>Boemoe&#39;ae,</strong></span> <span class='ocrx_word' id='word_1_64' title='bbox 819 1042 1113 1094; x_wconf 74' lang='lat' dir='ltr'><strong>possessiones</strong></span> <span class='ocrx_word' id='word_1_65' title='bbox 1147 1040 1295 1081; x_wconf 78' lang='lat' dir='ltr'><strong>domus</strong></span> <span class='ocrx_word' id='word_1_66' title='bbox 1328 1042 1371 1080; x_wconf 72' lang='lat' dir='ltr'><strong>in</strong></span> <span class='ocrx_word' id='word_1_67' title='bbox 1403 1040 1604 1092; x_wconf 70' lang='lat' dir='ltr'><strong>Erdbery</strong></span> <span class='ocrx_word' id='word_1_68' title='bbox 1640 1041 1828 1094; x_wconf 75' lang='lat' dir='ltr'><strong>fratrum</strong></span> <span class='ocrx_word' id='word_1_69' title='bbox 1859 1043 1994 1082; x_wconf 75' lang='lat' dir='ltr'><strong>sancti</strong></span> 
     </span>
    </p>

    <p class='ocr_par' dir='ltr' id='par_1_6' title="bbox 125 1109 1991 1162">
     <span class='ocr_line' id='line_1_11' title="bbox 125 1109 1991 1162; baseline 0 -12"><span class='ocrx_word' id='word_1_70' title='bbox 125 1110 311 1150; x_wconf 73' lang='lat' dir='ltr'><strong>dommi-s</strong></span> <span class='ocrx_word' id='word_1_71' title='bbox 344 1110 733 1161; x_wconf 68' lang='lat' dir='ltr'><strong>Hierosolymiltrm&#39;,</strong></span> <span class='ocrx_word' id='word_1_72' title='bbox 774 1121 936 1149; x_wconf 74' lang='lat' dir='ltr'><strong>necnon</strong></span> <span class='ocrx_word' id='word_1_73' title='bbox 969 1122 1058 1149; x_wconf 82' lang='lat' dir='ltr'><strong>eam</strong></span> <span class='ocrx_word' id='word_1_74' title='bbox 1092 1111 1229 1162; x_wconf 78' lang='lat' dir='ltr'><strong>ipsum</strong></span> <span class='ocrx_word' id='word_1_75' title='bbox 1269 1109 1412 1149; x_wconf 70' lang='lat' dir='ltr'><strong>domui</strong></span> <span class='ocrx_word' id='word_1_76' title='bbox 1443 1111 1487 1149; x_wconf 77' lang='lat' dir='ltr'><strong>in</strong></span> <span class='ocrx_word' id='word_1_77' title='bbox 1518 1110 1727 1162; x_wconf 68' lang='lat' dir='ltr'><strong>Jleilbery</strong></span> <span class='ocrx_word' id='word_1_78' title='bbox 1759 1111 1991 1160; x_wconf 73' lang='lat' dir='ltr'><strong>(Mauren-</strong></span> 
     </span>
    </p>

    <p class='ocr_par' dir='ltr' id='par_1_7' title="bbox 125 1176 1991 1288">
     <span class='ocr_line' id='line_1_12' title="bbox 125 1176 1991 1233; baseline 0.001 -16"><span class='ocrx_word' id='word_1_79' title='bbox 125 1176 248 1229; x_wconf 65' lang='lat' dir='ltr'><strong>bet-9)</strong></span> <span class='ocrx_word' id='word_1_80' title='bbox 281 1177 545 1218; x_wconf 71' lang='lat' dir='ltr'><strong>oblinendum</strong></span> <span class='ocrx_word' id='word_1_81' title='bbox 585 1179 816 1233; x_wconf 76' lang='lat' dir='ltr'><strong>confirnml,</strong></span> <span class='ocrx_word' id='word_1_82' title='bbox 880 1180 953 1220; x_wconf 77' lang='lat' dir='ltr'><strong>Dt.</strong></span> <span class='ocrx_word' id='word_1_83' title='bbox 993 1178 1110 1231; x_wconf 78' lang='lat' dir='ltr'><strong>apud</strong></span> <span class='ocrx_word' id='word_1_84' title='bbox 1140 1179 1324 1231; x_wconf 73' lang='lat' dir='ltr'><strong>Znoym,</strong></span> <span class='ocrx_word' id='word_1_85' title='bbox 1367 1179 1474 1220; x_wconf 89' lang='lat' dir='ltr'><strong><em>XII.</em></strong></span> <span class='ocrx_word' id='word_1_86' title='bbox 1508 1179 1733 1220; x_wconf 77' lang='lat' dir='ltr'><strong>Kalendas</strong></span> <span class='ocrx_word' id='word_1_87' title='bbox 1772 1180 1991 1223; x_wconf 74' lang='lat' dir='ltr'><strong>danum-ii,</strong></span> 
     </span>
     <span class='ocr_line' id='line_1_13' title="bbox 985 1246 1137 1288; baseline -0.007 0"><span class='ocrx_word' id='word_1_88' title='bbox 985 1246 1137 1288; x_wconf 77' lang='lat'><strong>1235.</strong></span> 
     </span>
    </p>
   </div>
   <div class='ocr_carea' id='block_1_6' title="bbox 120 1339 2034 2314">
    <p class='ocr_par' dir='ltr' id='par_1_8' title="bbox 120 1339 2034 2314">
     <span class='ocr_line' id='line_1_14' title="bbox 253 1339 1993 1414; baseline 0.001 -16"><span class='ocrx_word' id='word_1_89' title='bbox 253 1339 368 1402; x_wconf 85' lang='lat' dir='ltr'><strong>Nos</strong></span> <span class='ocrx_word' id='word_1_90' title='bbox 394 1359 690 1400; x_wconf 77' lang='lat' dir='ltr'><strong>Wenceslaus</strong></span> <span class='ocrx_word' id='word_1_91' title='bbox 716 1360 797 1399; x_wconf 84' lang='lat' dir='ltr'><strong>Dei</strong></span> <span class='ocrx_word' id='word_1_92' title='bbox 823 1361 967 1414; x_wconf 78' lang='lat' dir='ltr'><strong>gratia</strong></span> <span class='ocrx_word' id='word_1_93' title='bbox 994 1363 1170 1411; x_wconf 87' lang='lat' dir='ltr'><strong>qvartus</strong></span> <span class='ocrx_word' id='word_1_94' title='bbox 1196 1371 1276 1400; x_wconf 86' lang='lat' dir='ltr'><strong>rex</strong></span> <span class='ocrx_word' id='word_1_95' title='bbox 1296 1360 1467 1399; x_wconf 89' lang='lat' dir='ltr'><strong>Boemie</strong></span> <span class='ocrx_word' id='word_1_96' title='bbox 1493 1360 1626 1400; x_wconf 88' lang='lat' dir='ltr'><strong>domui</strong></span> <span class='ocrx_word' id='word_1_97' title='bbox 1655 1361 1791 1401; x_wconf 85' lang='lat' dir='ltr'><strong>sancti</strong></span> <span class='ocrx_word' id='word_1_98' title='bbox 1813 1361 1993 1401; x_wconf 86' lang='lat' dir='ltr'><strong>Joannis</strong></span> 
     </span>
     <span class='ocr_line' id='line_1_15' title="bbox 124 1428 1991 1484; baseline 0.001 -17"><span class='ocrx_word' id='word_1_99' title='bbox 124 1430 164 1468; x_wconf 93' lang='lat' dir='ltr'><strong>in</strong></span> <span class='ocrx_word' id='word_1_100' title='bbox 205 1428 551 1482; x_wconf 69' lang='lat' dir='ltr'><strong>Movreinberch7</strong></span> <span class='ocrx_word' id='word_1_101' title='bbox 595 1433 637 1468; x_wconf 88' lang='lat' dir='ltr'><strong>et</strong></span> <span class='ocrx_word' id='word_1_102' title='bbox 676 1429 864 1468; x_wconf 82' lang='lat' dir='ltr'><strong>omnibus</strong></span> <span class='ocrx_word' id='word_1_103' title='bbox 904 1429 1054 1468; x_wconf 79' lang='lat' dir='ltr'><strong>ibidem</strong></span> <span class='ocrx_word' id='word_1_104' title='bbox 1095 1429 1353 1483; x_wconf 79' lang='lat' dir='ltr'><strong>degentibus</strong></span> <span class='ocrx_word' id='word_1_105' title='bbox 1398 1430 1437 1468; x_wconf 91' lang='lat' dir='ltr'><strong>in</strong></span> <span class='ocrx_word' id='word_1_106' title='bbox 1487 1434 1742 1481; x_wconf 84' lang='lat' dir='ltr'><strong>perpetuum.</strong></span> <span class='ocrx_word' id='word_1_107' title='bbox 1807 1431 1991 1484; x_wconf 76' lang='lat' dir='ltr'><strong>Regalis</strong></span> 
     </span>
     <span class='ocr_line' id='line_1_16' title="bbox 123 1496 2027 1551; baseline 0.001 -14"><span class='ocrx_word' id='word_1_108' title='bbox 123 1498 346 1549; x_wconf 80' lang='lat' dir='ltr'><strong>prudentie</strong></span> <span class='ocrx_word' id='word_1_109' title='bbox 371 1497 580 1536; x_wconf 87' lang='lat' dir='ltr'><strong>commodo</strong></span> <span class='ocrx_word' id='word_1_110' title='bbox 604 1496 768 1537; x_wconf 80' lang='lat' dir='ltr'><strong>confert</strong></span> <span class='ocrx_word' id='word_1_111' title='bbox 793 1502 834 1537; x_wconf 91' lang='lat' dir='ltr'><strong>et</strong></span> <span class='ocrx_word' id='word_1_112' title='bbox 862 1498 1010 1551; x_wconf 87' lang='lat' dir='ltr'><strong>honori</strong></span> <span class='ocrx_word' id='word_1_113' title='bbox 1036 1500 1297 1549; x_wconf 87' lang='lat' dir='ltr'><strong>antiqvorum</strong></span> <span class='ocrx_word' id='word_1_114' title='bbox 1323 1497 1433 1538; x_wconf 84' lang='lat' dir='ltr'><strong>sacta</strong></span> <span class='ocrx_word' id='word_1_115' title='bbox 1461 1497 1711 1538; x_wconf 80' lang='lat' dir='ltr'><strong>favorabilia</strong></span> <span class='ocrx_word' id='word_1_116' title='bbox 1739 1499 1992 1551; x_wconf 65' lang='lat' dir='ltr'><strong>approbare,</strong></span> <span class='ocrx_word' id='word_1_117' title='bbox 2024 1524 2027 1526; x_wconf 79' lang='lat'><strong><em>—</em></strong></span> 
     </span>
     <span class='ocr_line' id='line_1_17' title="bbox 123 1565 1993 1621; baseline 0.001 -15"><span class='ocrx_word' id='word_1_118' title='bbox 123 1577 176 1606; x_wconf 85' lang='lat' dir='ltr'><strong>ac</strong></span> <span class='ocrx_word' id='word_1_119' title='bbox 209 1567 336 1620; x_wconf 79' lang='lat' dir='ltr'><strong>regio</strong></span> <span class='ocrx_word' id='word_1_120' title='bbox 368 1567 600 1617; x_wconf 86' lang='lat' dir='ltr'><strong>patrocinio</strong></span> <span class='ocrx_word' id='word_1_121' title='bbox 642 1565 901 1606; x_wconf 84' lang='lat' dir='ltr'><strong>confirmare.</strong></span> <span class='ocrx_word' id='word_1_122' title='bbox 964 1567 1032 1607; x_wconf 89' lang='lat' dir='ltr'><strong>Ad</strong></span> <span class='ocrx_word' id='word_1_123' title='bbox 1072 1566 1351 1607; x_wconf 86' lang='lat' dir='ltr'><strong>resecandum</strong></span> <span class='ocrx_word' id='word_1_124' title='bbox 1390 1567 1524 1621; x_wconf 78' lang='lat' dir='ltr'><strong>igitur</strong></span> <span class='ocrx_word' id='word_1_125' title='bbox 1563 1568 1689 1607; x_wconf 88' lang='lat' dir='ltr'><strong>totius</strong></span> <span class='ocrx_word' id='word_1_126' title='bbox 1728 1567 1993 1609; x_wconf 83' lang='lat' dir='ltr'><strong>hesitationis</strong></span> 
     </span>
     <span class='ocr_line' id='line_1_18' title="bbox 122 1634 2034 1691; baseline 0.001 -16"><span class='ocrx_word' id='word_1_127' title='bbox 122 1636 360 1687; x_wconf 86' lang='lat' dir='ltr'><strong>scrupulum</strong></span> <span class='ocrx_word' id='word_1_128' title='bbox 400 1637 452 1676; x_wconf 90' lang='lat' dir='ltr'><strong>ad</strong></span> <span class='ocrx_word' id='word_1_129' title='bbox 495 1636 678 1675; x_wconf 84' lang='lat' dir='ltr'><strong>notitiam</strong></span> <span class='ocrx_word' id='word_1_130' title='bbox 718 1640 798 1675; x_wconf 87' lang='lat' dir='ltr'><strong>tam</strong></span> <span class='ocrx_word' id='word_1_131' title='bbox 838 1636 1094 1687; x_wconf 89' lang='lat' dir='ltr'><strong>presentium</strong></span> <span class='ocrx_word' id='word_1_132' title='bbox 1137 1647 1258 1688; x_wconf 86' lang='lat' dir='ltr'><strong>qvam</strong></span> <span class='ocrx_word' id='word_1_133' title='bbox 1299 1634 1528 1676; x_wconf 89' lang='lat' dir='ltr'><strong>futurorum</strong></span> <span class='ocrx_word' id='word_1_134' title='bbox 1567 1636 1846 1691; x_wconf 67' lang='lat' dir='ltr'><strong>perducimus7</strong></span> <span class='ocrx_word' id='word_1_135' title='bbox 1880 1637 1992 1688; x_wconf 89' lang='lat' dir='ltr'><strong>qvod</strong></span> <span class='ocrx_word' id='word_1_136' title='bbox 2029 1656 2034 1677; x_wconf 65' lang='grc' dir='ltr'>ι</span> 
     </span>
     <span class='ocr_line' id='line_1_19' title="bbox 122 1695 1992 1758; baseline 0.001 -14"><span class='ocrx_word' id='word_1_137' title='bbox 122 1695 201 1745; x_wconf 86' lang='lat' dir='ltr'><strong>nos</strong></span> <span class='ocrx_word' id='word_1_138' title='bbox 234 1703 432 1744; x_wconf 82' lang='lat' dir='ltr'><strong>fratribus</strong></span> <span class='ocrx_word' id='word_1_139' title='bbox 455 1705 495 1744; x_wconf 93' lang='lat' dir='ltr'><strong>in</strong></span> <span class='ocrx_word' id='word_1_140' title='bbox 528 1705 859 1745; x_wconf 81' lang='lat' dir='ltr'><strong>Movremberch</strong></span> <span class='ocrx_word' id='word_1_141' title='bbox 883 1705 1020 1745; x_wconf 87' lang='lat' dir='ltr'><strong>sancti</strong></span> <span class='ocrx_word' id='word_1_142' title='bbox 1042 1705 1223 1744; x_wconf 86' lang='lat' dir='ltr'><strong>Joannis</strong></span> <span class='ocrx_word' id='word_1_143' title='bbox 1246 1705 1479 1745; x_wconf 84' lang='lat' dir='ltr'><strong>libertatem</strong></span> <span class='ocrx_word' id='word_1_144' title='bbox 1507 1709 1761 1745; x_wconf 85' lang='lat' dir='ltr'><strong>contractam</strong></span> <span class='ocrx_word' id='word_1_145' title='bbox 1794 1718 1819 1744; x_wconf 90' lang='lat' dir='ltr'><strong>a</strong></span> <span class='ocrx_word' id='word_1_146' title='bbox 1844 1709 1992 1758; x_wconf 85' lang='lat' dir='ltr'><strong>patruo</strong></span> 
     </span>
     <span class='ocr_line' id='line_1_20' title="bbox 123 1773 1992 1829; baseline -0.001 -14"><span class='ocrx_word' id='word_1_147' title='bbox 123 1777 266 1815; x_wconf 89' lang='lat' dir='ltr'><strong>nostro</strong></span> <span class='ocrx_word' id='word_1_148' title='bbox 300 1773 547 1814; x_wconf 66' lang='lat' dir='ltr'><strong>usiadislao</strong></span> <span class='ocrx_word' id='word_1_149' title='bbox 581 1774 697 1813; x_wconf 85' lang='lat' dir='ltr'><strong>clare</strong></span> <span class='ocrx_word' id='word_1_150' title='bbox 730 1775 924 1814; x_wconf 85' lang='lat' dir='ltr'><strong>memorie</strong></span> <span class='ocrx_word' id='word_1_151' title='bbox 958 1773 1198 1814; x_wconf 82' lang='lat' dir='ltr'><strong>marchione</strong></span> <span class='ocrx_word' id='word_1_152' title='bbox 1231 1775 1431 1814; x_wconf 83' lang='lat' dir='ltr'><strong>Moravie</strong></span> <span class='ocrx_word' id='word_1_153' title='bbox 1465 1776 1505 1813; x_wconf 89' lang='lat' dir='ltr'><strong>in</strong></span> <span class='ocrx_word' id='word_1_154' title='bbox 1540 1775 1726 1814; x_wconf 89' lang='lat' dir='ltr'><strong>omnibus</strong></span> <span class='ocrx_word' id='word_1_155' title='bbox 1760 1775 1883 1829; x_wconf 85' lang='lat' dir='ltr'><strong>bonis</strong></span> <span class='ocrx_word' id='word_1_156' title='bbox 1915 1787 1992 1827; x_wconf 89' lang='lat' dir='ltr'><strong>per</strong></span> 
     </span>
     <span class='ocr_line' id='line_1_21' title="bbox 122 1841 1992 1898; baseline 0.001 -16"><span class='ocrx_word' id='word_1_157' title='bbox 122 1848 278 1882; x_wconf 86' lang='lat' dir='ltr'><strong>terram</strong></span> <span class='ocrx_word' id='word_1_158' title='bbox 309 1842 507 1882; x_wconf 87' lang='lat' dir='ltr'><strong>Moravie</strong></span> <span class='ocrx_word' id='word_1_159' title='bbox 550 1841 759 1893; x_wconf 85' lang='lat' dir='ltr'><strong>professis</strong></span> <span class='ocrx_word' id='word_1_160' title='bbox 791 1842 1080 1898; x_wconf 77' lang='lat' dir='ltr'><strong>spectantibus</strong></span> <span class='ocrx_word' id='word_1_161' title='bbox 1120 1842 1172 1883; x_wconf 90' lang='lat' dir='ltr'><strong>ad</strong></span> <span class='ocrx_word' id='word_1_162' title='bbox 1214 1843 1372 1883; x_wconf 85' lang='lat' dir='ltr'><strong>domum</strong></span> <span class='ocrx_word' id='word_1_163' title='bbox 1411 1844 1606 1895; x_wconf 72' lang='lat' dir='ltr'><strong>Erpurq,</strong></span> <span class='ocrx_word' id='word_1_164' title='bbox 1649 1847 1691 1884; x_wconf 87' lang='lat' dir='ltr'><strong>et</strong></span> <span class='ocrx_word' id='word_1_165' title='bbox 1728 1844 1860 1895; x_wconf 87' lang='lat' dir='ltr'><strong>ipsam</strong></span> <span class='ocrx_word' id='word_1_166' title='bbox 1901 1855 1992 1884; x_wconf 89' lang='lat' dir='ltr'><strong>cum</strong></span> 
     </span>
     <span class='ocr_line' id='line_1_22' title="bbox 121 1911 1991 1965; baseline 0.001 -14"><span class='ocrx_word' id='word_1_167' title='bbox 121 1912 212 1951; x_wconf 87' lang='lat' dir='ltr'><strong>suis</strong></span> <span class='ocrx_word' id='word_1_168' title='bbox 245 1911 487 1964; x_wconf 74' lang='lat' dir='ltr'><strong>attinentiiS,</strong></span> <span class='ocrx_word' id='word_1_169' title='bbox 526 1912 764 1962; x_wconf 86' lang='lat' dir='ltr'><strong>pertinente</strong></span> <span class='ocrx_word' id='word_1_170' title='bbox 797 1912 849 1951; x_wconf 88' lang='lat' dir='ltr'><strong>ad</strong></span> <span class='ocrx_word' id='word_1_171' title='bbox 891 1912 1048 1952; x_wconf 88' lang='lat' dir='ltr'><strong>domum</strong></span> <span class='ocrx_word' id='word_1_172' title='bbox 1089 1912 1131 1952; x_wconf 90' lang='lat' dir='ltr'><strong>in</strong></span> <span class='ocrx_word' id='word_1_173' title='bbox 1170 1912 1502 1952; x_wconf 83' lang='lat' dir='ltr'><strong>Movremberck</strong></span> <span class='ocrx_word' id='word_1_174' title='bbox 1540 1913 1842 1965; x_wconf 87' lang='lat' dir='ltr'><strong>perpetualiter</strong></span> <span class='ocrx_word' id='word_1_175' title='bbox 1880 1913 1991 1953; x_wconf 89' lang='lat' dir='ltr'><strong>obti-</strong></span> 
     </span>
     <span class='ocr_line' id='line_1_23' title="bbox 122 1977 1990 2036; baseline 0.002 -17"><span class='ocrx_word' id='word_1_176' title='bbox 122 1980 300 2020; x_wconf 83' lang='lat' dir='ltr'><strong>nendam</strong></span> <span class='ocrx_word' id='word_1_177' title='bbox 333 1977 634 2020; x_wconf 81' lang='lat' dir='ltr'><strong>confirmamus.</strong></span> <span class='ocrx_word' id='word_1_178' title='bbox 698 1981 765 2020; x_wconf 86' lang='lat' dir='ltr'><strong>Ne</strong></span> <span class='ocrx_word' id='word_1_179' title='bbox 799 1985 934 2021; x_wconf 85' lang='lat' dir='ltr'><strong>autem</strong></span> <span class='ocrx_word' id='word_1_180' title='bbox 967 1981 1046 2020; x_wconf 86' lang='lat' dir='ltr'><strong>hoc</strong></span> <span class='ocrx_word' id='word_1_181' title='bbox 1079 1984 1273 2022; x_wconf 85' lang='lat' dir='ltr'><strong>statutum</strong></span> <span class='ocrx_word' id='word_1_182' title='bbox 1306 1983 1347 2021; x_wconf 88' lang='lat' dir='ltr'><strong>in</strong></span> <span class='ocrx_word' id='word_1_183' title='bbox 1379 1983 1537 2022; x_wconf 89' lang='lat' dir='ltr'><strong>irritum</strong></span> <span class='ocrx_word' id='word_1_184' title='bbox 1570 1985 1855 2036; x_wconf 71' lang='lat' dir='ltr'><strong>eonvertatur,</strong></span> <span class='ocrx_word' id='word_1_185' title='bbox 1888 1994 1990 2034; x_wconf 88' lang='lat' dir='ltr'><strong>pro-</strong></span> 
     </span>
     <span class='ocr_line' id='line_1_24' title="bbox 123 2049 1991 2105; baseline 0.001 -17"><span class='ocrx_word' id='word_1_186' title='bbox 123 2060 250 2088; x_wconf 89' lang='lat' dir='ltr'><strong>cessu</strong></span> <span class='ocrx_word' id='word_1_187' title='bbox 274 2049 486 2102; x_wconf 68' lang='lat' dir='ltr'><strong>temporis,</strong></span> <span class='ocrx_word' id='word_1_188' title='bbox 511 2060 590 2088; x_wconf 90' lang='lat' dir='ltr'><strong>nec</strong></span> <span class='ocrx_word' id='word_1_189' title='bbox 616 2050 818 2089; x_wconf 84' lang='lat' dir='ltr'><strong>calumnia</strong></span> <span class='ocrx_word' id='word_1_190' title='bbox 847 2061 976 2101; x_wconf 87' lang='lat' dir='ltr'><strong>super</strong></span> <span class='ocrx_word' id='word_1_191' title='bbox 1004 2050 1096 2101; x_wconf 86' lang='lat' dir='ltr'><strong>ipsa</strong></span> <span class='ocrx_word' id='word_1_192' title='bbox 1126 2050 1321 2090; x_wconf 86' lang='lat' dir='ltr'><strong>libertate</strong></span> <span class='ocrx_word' id='word_1_193' title='bbox 1346 2052 1607 2103; x_wconf 84' lang='lat' dir='ltr'><strong>imposterum</strong></span> <span class='ocrx_word' id='word_1_194' title='bbox 1633 2055 1763 2103; x_wconf 86' lang='lat' dir='ltr'><strong>qveat</strong></span> <span class='ocrx_word' id='word_1_195' title='bbox 1795 2051 1991 2105; x_wconf 79' lang='lat' dir='ltr'><strong>suboriri⁷</strong></span> 
     </span>
     <span class='ocr_line' id='line_1_25' title="bbox 123 2118 1990 2174; baseline 0.002 -18"><span class='ocrx_word' id='word_1_196' title='bbox 123 2128 303 2168; x_wconf 88' lang='lat' dir='ltr'><strong>presens</strong></span> <span class='ocrx_word' id='word_1_197' title='bbox 336 2118 533 2168; x_wconf 84' lang='lat' dir='ltr'><strong>scriptum</strong></span> <span class='ocrx_word' id='word_1_198' title='bbox 574 2119 706 2173; x_wconf 83' lang='lat' dir='ltr'><strong>sigilli</strong></span> <span class='ocrx_word' id='word_1_199' title='bbox 737 2120 869 2159; x_wconf 88' lang='lat' dir='ltr'><strong>nostri</strong></span> <span class='ocrx_word' id='word_1_200' title='bbox 910 2119 1162 2159; x_wconf 86' lang='lat' dir='ltr'><strong>charactere</strong></span> <span class='ocrx_word' id='word_1_201' title='bbox 1194 2121 1389 2160; x_wconf 80' lang='lat' dir='ltr'><strong>iussimus</strong></span> <span class='ocrx_word' id='word_1_202' title='bbox 1428 2120 1640 2174; x_wconf 79' lang='lat' dir='ltr'><strong>insigniri.</strong></span> <span class='ocrx_word' id='word_1_203' title='bbox 1702 2121 1814 2160; x_wconf 85' lang='lat' dir='ltr'><strong>Acta</strong></span> <span class='ocrx_word' id='word_1_204' title='bbox 1853 2127 1990 2160; x_wconf 85' lang='lat' dir='ltr'><strong>autem</strong></span> 
     </span>
     <span class='ocr_line' id='line_1_26' title="bbox 122 2186 1989 2230; baseline 0.002 -5"><span class='ocrx_word' id='word_1_205' title='bbox 122 2191 219 2226; x_wconf 89' lang='lat' dir='ltr'><strong>sunt</strong></span> <span class='ocrx_word' id='word_1_206' title='bbox 252 2187 332 2226; x_wconf 84' lang='lat' dir='ltr'><strong>hec</strong></span> <span class='ocrx_word' id='word_1_207' title='bbox 365 2198 474 2226; x_wconf 90' lang='lat' dir='ltr'><strong>anno</strong></span> <span class='ocrx_word' id='word_1_208' title='bbox 502 2186 705 2227; x_wconf 86' lang='lat' dir='ltr'><strong>dominice</strong></span> <span class='ocrx_word' id='word_1_209' title='bbox 737 2189 1038 2228; x_wconf 85' lang='lat' dir='ltr'><strong>incarnationis</strong></span> <span class='ocrx_word' id='word_1_210' title='bbox 1062 2187 1385 2230; x_wconf 79' lang='lat' dir='ltr'>MCOXXXV.</span> <span class='ocrx_word' id='word_1_211' title='bbox 1416 2189 1651 2230; x_wconf 89' lang='lat' dir='ltr'><strong>Indictione</strong></span> <span class='ocrx_word' id='word_1_212' title='bbox 1683 2189 1802 2229; x_wconf 90' lang='lat' dir='ltr'><strong>VIII.</strong></span> <span class='ocrx_word' id='word_1_213' title='bbox 1835 2189 1989 2230; x_wconf 85' lang='lat' dir='ltr'><strong>Datum</strong></span> 
     </span>
     <span class='ocr_line' id='line_1_27' title="bbox 120 2257 1806 2314; baseline 0.001 -20"><span class='ocrx_word' id='word_1_214' title='bbox 120 2266 198 2306; x_wconf 89' lang='lat' dir='ltr'><strong>per</strong></span> <span class='ocrx_word' id='word_1_215' title='bbox 229 2267 388 2295; x_wconf 87' lang='lat' dir='ltr'><strong>manum</strong></span> <span class='ocrx_word' id='word_1_216' title='bbox 421 2257 573 2295; x_wconf 86' lang='lat' dir='ltr'><strong>notarii</strong></span> <span class='ocrx_word' id='word_1_217' title='bbox 610 2257 828 2297; x_wconf 50' lang='lat' dir='ltr'><strong>§vilhelmi</strong></span> <span class='ocrx_word' id='word_1_218' title='bbox 861 2257 970 2309; x_wconf 88' lang='lat' dir='ltr'><strong>apud</strong></span> <span class='ocrx_word' id='word_1_219' title='bbox 1005 2258 1181 2309; x_wconf 86' lang='lat' dir='ltr'><strong>Znoym.</strong></span> <span class='ocrx_word' id='word_1_220' title='bbox 1214 2259 1313 2299; x_wconf 89' lang='lat' dir='ltr'><strong>XII.</strong></span> <span class='ocrx_word' id='word_1_221' title='bbox 1346 2258 1566 2299; x_wconf 85' lang='lat' dir='ltr'><strong>Kalendas</strong></span> <span class='ocrx_word' id='word_1_222' title='bbox 1598 2258 1806 2314; x_wconf 82' lang='lat' dir='ltr'><strong>Januarii.</strong></span> 
     </span>
    </p>
   </div>
   <div class='ocr_carea' id='block_1_7' title="bbox 428 2372 1977 2418">
    <p class='ocr_par' dir='ltr' id='par_1_9' title="bbox 428 2372 1977 2418">
     <span class='ocr_line' id='line_1_28' title="bbox 428 2372 1977 2418; baseline 0.001 -13"><span class='ocrx_word' id='word_1_223' title='bbox 428 2372 459 2405; x_wconf 88' lang='lat' dir='ltr'>E</span> <span class='ocrx_word' id='word_1_224' title='bbox 483 2374 602 2415; x_wconf 86' lang='lat' dir='ltr'><strong>copia</strong></span> <span class='ocrx_word' id='word_1_225' title='bbox 624 2373 1091 2418; x_wconf 81' lang='lat' dir='ltr'><strong>simplici.—Originale</strong></span> <span class='ocrx_word' id='word_1_226' title='bbox 1115 2376 1146 2407; x_wconf 88' lang='lat' dir='ltr'><strong>in</strong></span> <span class='ocrx_word' id='word_1_227' title='bbox 1169 2375 1259 2407; x_wconf 82' lang='lat' dir='ltr'><strong>arch.</strong></span> <span class='ocrx_word' id='word_1_228' title='bbox 1275 2374 1558 2409; x_wconf 85' lang='lat' dir='ltr'><strong>Melitensium</strong></span> <span class='ocrx_word' id='word_1_229' title='bbox 1582 2376 1742 2418; x_wconf 80' lang='lat' dir='ltr'><strong>Pragae</strong></span> <span class='ocrx_word' id='word_1_230' title='bbox 1766 2378 1977 2418; x_wconf 77' lang='lat' dir='ltr'><strong>asservatur.</strong></span> 
     </span>
    </p>
   </div>
  </div>
 </body>
</html>
