2212 2876
1061 83 1162 124 140

178 230 452 282 emancipaui.
486 229 806 278 omnitempore
840 237 920 278 quo
952 227 1129 266 uanitati
1162 238 1253 266 cum
1277 226 1435 265 ceteris
1469 226 1677 265 creaturis
1711 237 1798 265 sum
1833 224 2050 265 subiectus

175 312 266 340 mee
300 300 490 339 seruient
530 297 792 337 necessitati.
856 295 961 336 Post
998 297 1264 336 vocationem
1304 298 1441 334 autem
1474 305 1605 333 meam
1644 294 1697 334 de
1735 294 1871 334 medio
1914 295 2050 334 omnia

177 371 440 421 emancipata
475 380 565 407 cum
599 366 787 405 omnibus
820 365 1039 404 mobilibus
1073 368 1115 405 et
1154 364 1426 403 immobilibus
1460 361 1638 414 prefatis
1671 361 1872 403 fratribus
1905 363 2050 403 domus

176 437 554 493 XVillegradensis
587 433 769 475 feliciter
807 434 1069 485 possidenda
1100 432 1391 473 refundentur.
1454 432 1665 472 Preterea
1706 432 1801 471 huic
1834 433 2051 485 sollempni

176 508 390 548 donationi
424 505 564 545 addidi
588 508 727 544 terras
762 515 867 556 quas
893 503 1020 543 habui
1055 504 1096 542 in
1130 503 1332 554 cladurup
1367 514 1448 554 que
1474 506 1541 541 est
1572 502 1671 542 uilla
1703 503 1744 541 in
1770 501 2052 542 Ollomucensi

176 578 385 630 prouintia
417 577 511 614 sita.
547 579 588 614 et
621 575 700 614 tria
732 573 968 613 molendina
995 573 1036 611 in
1070 574 1250 623 oppauia
1284 575 1415 611 ortum
1446 571 1604 611 domum
1636 583 1758 610 unam
1792 574 1834 610 et
1865 582 2049 610 mansos.

177 658 282 698 quos
316 645 442 684 habui
482 644 647 683 ibidem.
682 643 763 682 hac
798 642 907 682 fideli
949 641 1189 681 conditione
1228 644 1273 680 ut
1304 642 1345 680 in
1387 641 1454 680 die
1496 641 1723 692 palmarum
1764 641 1805 679 in
1845 651 1925 692 quo
1958 650 2051 679 mee

177 714 451 767 depositionis
486 713 592 752 diem
615 712 951 751 anniuersarium
986 712 1053 762 pia
1079 710 1376 750 recordatione
1410 722 1435 749 a
1460 710 1581 749 (lictis
1615 708 1816 748 fratribus
1842 709 2053 762 celebrari

176 785 398 837 postulaui.
448 786 490 822 et
529 783 572 821 in
613 786 767 821 octaua
817 784 1090 832 pentecostes
1141 780 1193 819 ob
1235 780 1437 819 honorem
1483 783 1526 818 ct
1567 780 1850 818 reuerentiam
1897 790 2052 819 summe

175 854 371 893 trinitatis
406 855 448 892 et
480 851 720 902 insequenti
754 850 821 889 die
861 851 902 888 in
935 851 1167 889 memoriam
1210 850 1385 889 omnium
1417 847 1595 888 fidelium
1636 846 1937 887 defunctorum.
1971 859 2052 888 ex-

178 923 275 963 inde
307 923 380 962 toti
414 921 640 960 conuentui
673 920 964 959 recreationes
998 920 1119 958 solito
1152 919 1347 958 meliores
1381 922 1673 970 procurentur.
1738 917 1786 957 Id
1821 921 1886 957 est
1918 917 2051 957 simila

176 994 319 1044 pisces
353 990 566 1032 habunde.
609 992 651 1029 et
682 991 819 1028 uinum
860 989 969 1028 sicut
1000 990 1043 1028 in
1084 987 1257 1028 fratrum
1299 988 1524 1028 minutione
1565 987 1833 1026 ministretur.
1898 986 2053 1027 Omnes

177 1066 312 1101 autem
354 1060 585 1112 supradicti
625 1059 786 1098 reditus
828 1058 880 1098 ad
923 1059 1067 1098 domus
1109 1058 1304 1097 redibunt
1343 1058 1385 1096 in
1425 1057 1791 1096 restaurationem.
1831 1057 1890 1096 ita
1933 1068 2053 1096 sane.

178 1131 288 1182 quod
328 1141 419 1170 mee
471 1129 709 1168 deuotionis
750 1127 926 1167 affectus
973 1139 1050 1167 suo
1097 1139 1180 1167 non
1221 1127 1411 1178 priuetur
1454 1124 1606 1165 effectu
1647 1136 1729 1177 quo
1777 1125 1831 1164 ad
1880 1123 2053 1165 fratrum

179 1201 522 1240 consolationem.
580 1198 640 1237 Vt
674 1201 810 1237 autem
844 1209 916 1236 res
950 1201 1043 1236 acta
1078 1197 1207 1236 robur
1239 1195 1440 1235 firmitatis
1474 1196 1662 1235 obtineat
1694 1206 1774 1234 nec
1806 1195 1889 1234 ulla
1923 1196 2054 1249 igno-

178 1270 314 1309 rantia
356 1269 489 1320 possit
530 1268 775 1307 oblitterari.
818 1278 999 1317 presens
1033 1268 1232 1317 scriptum
1273 1265 1418 1319 sigillo
1460 1265 1629 1316 capituli
1668 1265 1829 1303 muniri.
1872 1268 1913 1304 et
1946 1265 2055 1304 inter

177 1337 334 1378 fratres
360 1349 415 1377 ex
446 1342 625 1388 utraque
651 1340 771 1388 parte
800 1336 955 1387 placuit
980 1336 1164 1374 recitari.
1198 1346 1329 1374 meum
1365 1345 1531 1386 quoque
1556 1334 1740 1388 sigillum
1766 1333 1862 1373 huic
1891 1334 2054 1388 pagine
2092 1342 2099 1345 “

178 1406 304 1447 affixi.
356 1410 401 1446 ut
449 1407 661 1458 amplioris
717 1405 941 1445 testimonii
995 1405 1189 1444 ueritate.
1239 1405 1405 1445 cunctis
1458 1403 1772 1443 habundantius
1824 1403 2053 1443 reueletur.

178 1477 343 1516 Placuit
376 1477 498 1516 etiam
532 1475 586 1515 ad
610 1476 674 1515 rei
707 1480 836 1529 geste
870 1474 1257 1513 corroborationem
1290 1474 1513 1525 prescripti
1539 1473 1647 1523 pacti
1681 1472 1910 1511 uiolatores
1944 1483 2054 1523 pena

179 1547 437 1598 pecuniaria.
470 1558 511 1585 v.
544 1544 821 1584 meu-cisami
855 1544 1018 1583 multari
1052 1544 1161 1583 nullo
1195 1543 1328 1583 medio
1362 1543 1673 1582 interueniente
1708 1552 1789 1593 que
1825 1541 1979 1581 cedent
2012 1542 2051 1580 in

178 1629 280 1656 usus
313 1616 509 1670 magistri
536 1616 685 1666 operis¹
711 1614 765 1653 ad
792 1612 978 1654 fabricas
1013 1613 1123 1652 dicte
1157 1613 1302 1652 (lomus
1328 1611 1628 1653 instaurandas
1663 1615 1704 1650 et
1733 1611 2056 1650 restaurandas.

491 1737 544 1768 Ex
570 1736 763 1777 originali
789 1735 887 1776 duplo
913 1734 1061 1776 ejusdcm
1086 1736 1222 1765 monast.
1246 1744 1315 1765 cum
1341 1743 1423 1764 anno
1450 1732 1566 1764 1222.
1591 1735 1621 1764 in
1647 1733 1750 1763 dorso
1776 1733 1945 1774 insigni103
1970 1733 2055 1774 sign.

597 1786 637 1819 G.
659 1787 710 1818 54
729 1789 760 1818 et
778 1784 863 1818 126.
885 1805 926 1809 —-
945 1786 1234 1827 Apographum
1260 1787 1287 1816 in
1314 1784 1429 1817 codice
1454 1784 1774 1816 Welchradensi
1800 1784 1854 1816 fol.
1879 1782 1940 1815 79.

972 1983 1266 2026 CXXXVIII.

311 2082 539 2155 Pi=e1nysl‚
572 2113 653 2140 rex
678 2101 940 2152 Boemorum7
969 2100 1066 2151 jura
1092 2110 1343 2150 supanorum
1368 2097 1614 2149 provinciae
1638 2097 1926 2148 Znoymensis
1952 2106 2056 2134 con-

183 2171 326 2211 stituit.
390 2170 592 2223 77'llcstes,
633 2171 700 2221 qui
741 2169 838 2208 huic
886 2169 1073 2222 paginae
1117 2168 1461 2219 subscripserunt
1508 2171 1647 2206 erant:
1707 2166 1980 2205 wenceslaus
2020 2168 2058 2204 et

194 2239 468 2290 I‘I'Iada’.s·lau.«›·5
500 2239 580 2291 filii
612 2239 740 2289 re‘qz‘s.
805 2237 1016 2278 Roberlus
1051 2238 1276 2288 episcopus
1316 2236 1619 2277 olomucensis.
1661 2236 1782 2286 Eppo
1818 2235 2056 2286 prepositus

187 2309 442 2363 l'ragcnsis.
483 2308 649 2347 Bohuta
692 2308 931 2358 prepositus
975 2307 1321 2347 Boleslauiensis.
1363 2305 1671 2358 Engclhardus
1716 2304 2055 2355 prothonotarius

186 2379 322 2432 regis.
373 2378 515 2416 Bonos
565 2378 822 2416 castellanus
872 2376 1201 2415 Budissinensis.
1256 2375 1462 2426 Budiwoy
1511 2375 1768 2414 castellanus
1817 2372 2055 2414 Glacensis.

187 2447 415 2487 Diwissius
450 2446 707 2485 castellanus
744 2446 1061 2485 l’rachinensis.
1096 2447 1248 2498 Bogus
1281 2444 1539 2483 castellanus
1576 2443 1873 2482 Netolicensis.
1906 2442 2055 2481 Actum

187 2517 376 2567 Znoyme
404 2528 513 2555 anno
533 2516 735 2554 dominice
761 2516 1065 2554 incarnationis
1082 2514 1294 2553 millesimo
1314 2513 1599 2553 ducentesimo
1618 2513 1829 2567 vigesimo
1853 2510 2057 2563 secundo,
