2212 2876
959 155 1029 157 -,
1043 97 1268 158 37⁸4„-

178 241 292 292 poris
325 240 608 280 seruientibus
648 239 744 278 huic
777 236 889 278 facte
931 242 1077 278 nostre
1111 239 1324 278 donationi
1365 239 1474 278 nullo
1508 239 1609 278 iuris
1644 239 1862 279 obstaculo
1896 239 2048 278 valen-

178 310 286 349 tibus
321 310 546 350 contraire.
608 309 748 362 Igitur
789 308 886 360 quia
917 307 1048 347 modis
1089 308 1278 346 omnibus
1314 308 1411 347 dicti
1445 309 1686 347 monasterii
1718 308 2046 347 utilitatibuseo

178 378 290 430 quod
320 379 373 418 ad
407 390 483 418 nos
516 376 667 417 fundus
700 378 793 428 ipse
826 377 1069 428 specialiter
1100 378 1309 427 pertineat
1341 377 1561 416 intendere
1594 377 1794 416 debemus
1828 377 2048 428 presertim

177 460 271 486 cum
310 449 432 486 etiam
479 446 630 486 ibidem
673 446 932 498 sepulturam
970 448 1159 485 nostram
1201 446 1279 485 deo
1318 447 1479 485 volente
1524 458 1619 485 cum
1658 445 1850 498 patribus
1889 447 2047 485 nostris

177 516 360 555 habitem-z·
398 527 544 555 sumus
583 515 727 554 siluam
776 513 980 566 quandam
1021 514 1240 554 Zablazan
1287 514 1550 554 adIacentem
1590 526 1671 566 que
1718 514 1770 553 de
1812 514 1926 553 valle
1965 524 2047 566 que

178 585 327 624 dicitur
374 582 521 624 Cladic
567 584 699 623 tendit
746 594 880 635 usque
929 584 971 622 in
1007 595 1217 622 morauam
1265 587 1307 623 et
1345 576 1418 622 sic-²
1455 595 1532 635 per
1569 595 1779 623 moi-auam
1823 594 1959 634 usque
2006 583 2047 621 in

176 653 397 693 Nachoniz
439 654 528 692 iure
567 653 826 692 hereditario
867 650 1068 691 fratribus
1109 653 1316 703 prenotati
1356 653 1523 692 cenobii
1565 653 1634 703 pia
1674 649 1899 691 deuotione
1941 662 2047 690 con-

177 723 361 762 cedimus
396 722 630 762 deseruire.
691 721 783 771 Que
818 721 909 761 dum
943 722 1034 761 olim
1068 734 1093 760 a
1126 725 1452 773 patruo'nostro
1487 723 1554 773 pie
1586 721 1781 761 memorie
1822 720 2047 760 Wade‘zlao

176 792 324 831 illustri
362 791 569 843 quondam
608 791 808 831 Morauie
854 791 1110 831 Mai-chione
1157 792 1261 842 ipsis
1310 803 1399 830 cum
1448 802 1525 830 sue
1566 791 1787 848 dignitatis
1835 790 2046 829 autentico

175 861 326 900 tradita
375 862 440 900 sit.
481 865 522 900 et
562 861 653 900 iure
701 860 839 900 debito
889 857 1143 899 confirmata.
1206 861 1297 900 Nos
1336 863 1474 899 tamen
1514 863 1749 914 nostrorum
1795 859 2046 898 auctoritate

177 930 493 984 priuilegiorum
539 932 828 969 testamentum
867 929 989 968 huius
1039 929 1273 969 donationis
1321 927 1495 969 fecimus
1544 930 1742 969 renouari
1785 931 1827 968 et
1866 927 2047 979 antiquis

175 999 361 1038 terminis
406 999 460 1037 ab
502 1000 594 1050 ipso
632 998 783 1038 ibidem
823 998 1107 1049 personaliter
1148 999 1295 1049 positis
1335 1010 1469 1037 nouas
1510 997 1873 1049 superaddidimus
1913 999 2046 1035 metas

175 1078 228 1106 ne
261 1068 370 1106 sicut
402 1067 610 1106 haetenus
635 1067 785 1119 aliquis
819 1066 872 1105 de
905 1067 1061 1106 nostris
1090 1067 1415 1106 successoribus
1447 1068 1487 1106 in
1521 1065 1684 1118 prefata
1711 1067 1819 1106 silua
1853 1067 1932 1105 sibi
1966 1066 2045 1105 ali-

174 1136 282 1188 quod
318 1137 381 1175 ius
423 1136 491 1175 uel
526 1136 743 1175 dominium
776 1136 930 1175 audeat
970 1136 1011 1175 in
1053 1139 1265 1187 posterum
1304 1136 1549 1175 vendicare.
1612 1136 1821 1175 Preterea
1863 1136 2045 1175 mineras

172 1204 277 1245 ferri
310 1216 390 1257 que
431 1206 472 1244 in
507 1207 694 1256 presenti
736 1209 908 1256 reperte
941 1208 1038 1244 suut
1070 1205 1139 1244 uel
1178 1205 1416 1256 ubicunque
1450 1205 1491 1243 in
1524 1208 1640 1244 terra
1673 1208 1817 1244 nostra
1851 1207 2047 1255 poterunt

174 1274 227 1314 de
261 1277 407 1314 cetero
439 1275 619 1326 reperiri
652 1279 694 1314 et
726 1274 915 1314 redditus
949 1274 1003 1313 ad
1036 1274 1207 1314 easdem
1238 1274 1499 1325 pertinentes
1533 1274 1602 1326 qui
1634 1273 1756 1313 nobis
1789 1274 1880 1312 iure
1913 1273 2045 1312 cede—

172 1343 275 1384 bant
307 1343 441 1383 eidem
484 1343 668 1383 claustro
701 1343 1052 1398 VVelegradensi
1091 1343 1145 1382 ad
1177 1343 1308 1394 ipsius
1349 1341 1513 1382 edificia
1546 1342 1830 1382 construenda
1870 1341 2045 1394 prouida

173 1412 477 1452 deliberatione
505 1413 751 1453 contulimus
784 1416 910 1465 atque
935 1424 1075 1452 coram
1098 1413 1254 1452 nostris
1280 1412 1510 1452 baronibus
1544 1413 1640 1452 illud
1667 1416 1870 1463 perpetuo
1893 1412 2045 1451 statui-

171 1493 260 1522 mus
305 1493 404 1522 esse
444 1486 576 1522 ratum
623 1482 676 1522 ad
719 1482 919 1522 honorem
958 1482 1025 1522 dei
1074 1485 1116 1521 et
1156 1482 1315 1521 eclesie
1362 1485 1597 1533 prenotate.
1662 1482 1822 1521 Verum
1869 1492 1923 1520 ne
1963 1480 2044 1520 hec

172 1554 317 1591 nostre
349 1551 616 1590 liberalitatis
650 1552 790 1591 seruis
829 1551 947 1591 cristi
979 1551 1218 1591 voluntaria
1248 1551 1415 1591 donatio
1449 1552 1581 1602 possit
1614 1551 1669 1590 ab
1699 1550 1838 1602 aliquo
1872 1551 1912 1589 in
1946 1551 2045 1590 irri-

171 1624 253 1660 tum
286 1621 482 1660 reuocari
515 1624 754 1671 presentem
786 1622 987 1675 paginam
1021 1620 1232 1660 conscribi
1266 1622 1309 1660 et
1341 1623 1487 1660 nostre
1520 1620 1782 1660 auctoritatis
1817 1619 2044 1674 priuilegIo

172 1687 345 1729 fecimus
373 1690 623 1729 communiri.
649 1688 795 1730 fideles
823 1691 946 1730 etiam
964 1691 1082 1730 viros
1107 1701 1156 1730 ac
1180 1689 1372 1741 ydoneos
1400 1690 1470 1741 qvi
1494 1692 1592 1728 tunc
1616 1688 1840 1740 presentes
1866 1688 2045 1728 aderant

172 1760 214 1798 in
246 1759 520 1798 testimonium
554 1758 818 1798 adhibentes.
874 1758 1060 1808 Qvorum
1094 1759 1257 1799 nomina
1289 1758 1370 1797 hec
1404 1761 1521 1798 sunt:
1563 1758 1718 1798 Petrus
1753 1758 1956 1809 plebanus
1991 1757 2044 1797 de

173 1827 319 1869 Sudiz.
348 1828 644 1868 Wechezlaus
670 1828 876 1880 plebanus
903 1828 955 1868 de
980 1827 1226 1868 Pevdevim.
1251 1827 1321 1867 W
1323 1827 1510 1867 altherus
1535 1827 1742 1878 plebanus
1771 1826 1823 1866 de
1849 1826 2042 1878 Lipnich.

176 1896 460 1936 Lodewichus
503 1898 733 1937 canonicus
772 1897 1134 1937 Boleszlauiensis
1176 1908 1320 1936 omnes
1352 1896 1620 1936 Marcilionis
1661 1896 1879 1947 capellani.
1917 1895 2043 1935 Rati-

173 1965 317 2005 borius
351 1966 402 2005 de
425 1966 580 2006 Doblin
605 1967 851 2007 Hartliebus
880 1972 922 2006 et
946 1967 1086 2006 Janez
1111 1964 1179 2005 filii
1203 1966 1307 2005 eius.
1331 1965 1534 2005 Zdizlaus
1561 1965 1771 2019 magister
1797 1968 2043 2005 venatorum

174 2032 279 2074 filius
314 2035 493 2086 Mutyni.
528 2036 699 2086 babyan
732 2034 838 2075 filius
862 2035 1022 2075 Luderi
1056 2035 1226 2076 Sdebor
1259 2034 1312 2074 de
1332 2034 1510 2074 Luclioe
1542 2034 1733 2074 &Volker
1766 2033 1871 2074 filius
1903 2034 2042 2074 Pere-

176 2103 303 2157 grini.
336 2103 560 2143 Rohznata
601 2103 707 2144 filius
739 2104 903 2144 Jurich.
947 2103 1137 2158 Wogyk
1169 2103 1330 2156 Stoyza
1370 2108 1412 2143 et
1445 2103 1515 2143 alii
1556 2115 1675 2155 quam
1714 2104 1856 2155 plures
1897 2103 2042 2143 clerici

175 2177 217 2213 et
247 2173 357 2212 laici.
420 2174 529 2213 Acta
563 2178 659 2213 sunt
690 2174 771 2213 hec
804 2185 913 2213 anno
946 2173 999 2213 ab
1032 2174 1322 2213 incarnatione
1356 2172 1505 2212 domini
1538 2173 1599 2212 M.
1635 2170 1725 2213 CC.
1758 2173 1902 2213 XXX.
1920 2172 2040 2212 VIII.

175 2243 214 2281 in
248 2243 503 2282 monasterio
534 2243 882 2297 Welegradensi
913 2242 1120 2283 Kalendis
1153 2242 1356 2297 Augusti.
1408 2242 1562 2282 Datum
1594 2253 1672 2294 per
1702 2253 1863 2282 manum
1895 2241 2042 2282 Lodo-

176 2312 272 2352 wici
304 2312 453 2352 notarii
488 2313 632 2351 nostri.
667 2309 715 2363 ’ξπ

490 2412 542 2442 Ex
569 2412 757 2451 originali
783 2413 811 2442 in
836 2413 1052 2454 registi-aluta
1076 2422 1104 2443 c.
1130 2408 1352 2443 [nubet-nii:
1378 2412 1441 2452 sig.
1467 2410 1507 2443 G.
1530 2410 1565 2442 4.
1588 2430 1631 2434 —
1654 2410 1891 2453 Apograph.
1916 2411 1946 2442 in
1960 2409 2033 2442 cod.

592 2463 908 2495 XNcleliradensi
937 2463 1007 2495 Ms.
1039 2463 1091 2495 fol.
1119 2463 1182 2495 7¹.
