2212 2876
184 277 317 327 ipsum
350 273 647 314 confluencium
683 278 883 325 perpetuo
918 275 1191 326 profuturam.
1259 279 1311 321 Ut
1343 284 1480 320 autem
1519 279 1601 320 hec
1632 285 1780 322 nostre
1814 283 2059 324 deuocionis

186 343 363 384 donacio
406 347 500 383 rata
539 348 802 398 permaneat⁷
845 349 886 383 et
926 346 1198 400 inconuulsa,
1239 353 1477 399 presentem
1519 349 1699 391 litteram
1741 353 1974 408 conscribi,
2017 356 2060 394 et

186 413 318 468 sigilli
366 414 495 453 nostri
545 413 805 464 appensione
854 414 1051 454 iussimus
1098 416 1302 471 roborari7
1351 417 1428 457 sub
1486 418 1658 461 obtentu
1704 422 1857 474 gracie
1913 425 2058 462 nostre

186 482 375 522 districte
407 482 708 536 precipieiltes¹‚
741 493 794 521 ue
829 483 924 534 quis
959 487 1107 522 contra
1141 484 1207 524 dei
1244 490 1286 525 et
1319 490 1502 526 nostram
1536 488 1788 529 inibitionem
1829 489 2060 541 predictum

184 551 393 602 hospitale
434 551 475 590 in
507 550 696 602 predicta
739 551 925 590 ecclesia
958 555 1039 591 tam
1079 553 1121 591 in
1153 552 1401 609 hominibus,
1443 567 1562 607 quam
1595 557 1639 596 in
1671 557 1793 597 bonis
1819 559 1884 601 ‘ad
1921 558 2057 599 dotem

184 620 490 672 pertinentibus
525 623 739 671 presumat
771 623 930 660 temere
965 621 1230 671 perturbare.
1277 624 1413 662 Huius
1448 625 1509 663 rei
1534 628 1666 665 testes
1699 624 1890 667 fuerunt:
1924 626 2058 668 frater

186 688 439 730 Chunratlus
465 689 517 729 (le
542 689 808 743 XVorniacia7
834 689 993 728 ordinis
1026 688 1197 730 fratrum
1222 693 1434 731 minorum.
1471 694 1588 744 Eppo
1622 697 1873 746 prepositus.
1906 697 2056 737 Rade-

184 754 302 798 zlaus
350 758 673 798 archidiaconus
723 758 908 797 ecclesie
958 758 1214 813 pragensis.
1255 761 1506 801 Pribizlaus.
1563 763 1712 814 Elyas.
1763 765 2056 805 Eberhardus.

133 810 140 822 x
184 827 325 881 Vitus⁷
360 828 545 867 eiusdem
579 827 765 867 ecclesie
799 828 1003 867 canonici.
1038 828 1133 868 Otto
1170 830 1407 880 prepositus
1441 830 1732 871 Melnicensis.
1774 833 1894 872 Laici
1930 846 2055 874 vero:

183 896 410 936 Jerozlaus
444 901 485 936 et
519 896 678 949 Gallusa
721 895 786 935 filii
822 897 1085 948 Mai-quartu.
1120 898 1372 938 Volcmarus
1412 901 1542 939 maior
1574 903 1832 941 camerarius
1865 903 2054 957 Regine.

183 966 385 1006 Andreas
419 964 525 1005 filius
548 966 667 1005 Petri
700 966 751 1005 ile
784 966 1004 1005 Bsehroin.
1038 967 1236 1017 Ypolitus
1263 968 1520 1008 castellanus
1544 969 1800 1023 Pragensis.
1832 971 2055 1013 Johannes

185 1038 228 1074 et
259 1033 456 1074 florianus
484 1033 550 1073 lilii
578 1034 737 1075 Otradi.
771 1035 998 1086 Pytroldus
1033 1034 1136 1075 filius
1164 1036 1369 1075 Friderici
1396 1037 1621 1077 Pechman.
1646 1039 1875 1078 Dobromil.
1908 1040 2054 1094 Ilugo.

184 1101 362 1158 Cetech7
412 1105 631 1143 camerarii
681 1105 849 1158 regine.
900 1105 1128 1144 Heinricus
1178 1111 1315 1144 sartor
1359 1107 1494 1160 regis,
1543 1113 1584 1146 et
1626 1108 1694 1146 alii
1738 1120 1856 1159 quam
1896 1109 2053 1160 plures.

182 1173 334 1213 Datum
369 1173 478 1224 apud
518 1174 708 1227 Pragam
743 1185 818 1225 per
852 1186 1009 1213 mallum
1050 1175 1270 1214 xvsshalmi
1304 1176 1466 1215 notarii.
1507 1176 1632 1216 Anno
1667 1177 1718 1216 ab
1753 1178 2054 1218 incarnacione

183 1242 331 1283 domini
365 1243 589 1282 Millesimo
625 1240 715 1283 CC.
750 1243 1093 1297 quadragesimo.

490 1359 521 1391 E
545 1361 664 1402 copia
687 1359 882 1391 vidimata
908 1362 938 1391 in
962 1363 1181 1401 registratura
1205 1370 1233 1393 c.
1258 1371 1283 1393 r.
1309 1360 1466 1393 Gubernii
1494 1360 1610 1392 Mora
1625 1364 1716 1393 vici.

1658 2613 1728 2653 49
