2212 2876
1038 110 1144 153 373

148 253 213 293 rei
246 253 495 293 euidentiam
530 255 572 293 et
603 256 847 305 perpetuam
880 257 1105 305 pretaxate
1146 253 1381 293 donationis
1414 251 1654 293 firmitatem.
1695 264 1876 304 presens
1909 254 2020 293 sorl-

150 326 259 373 ptum
292 323 422 377 sigilli
456 323 586 362 nostri
613 323 839 362 karactere
872 323 1067 363 iussimus
1092 322 1306 376 insigniri.
1354 322 1466 362 Acta
1490 326 1627 362 autem
1659 326 1755 361 sunt
1782 322 1861 362 hec
1893 323 2019 362 Anno

149 390 355 431 dominice
395 392 697 433 incarnationis
736 392 972 431 Millesimo.
1014 389 1103 432 CC.
1141 391 1238 432 XL.
1280 391 1399 432 XIII.
1437 391 1673 431 Indictione
1714 391 1826 443 apud
1867 389 2016 433 Camik

149 470 224 511 per
257 472 416 500 manum
449 461 614 500 Notarii
648 461 867 500 wilhelmi
902 461 1036 512 pridie
1068 459 1290 500 Kalendas
1322 460 1437 500 Julii.

459 551 514 583 Ex
538 551 731 593 originali
755 550 905 593 ejusdem
927 551 1126 583 monasterii.

935 709 971 752 C
977 708 1222 752 CCXXIV.

147 793 388 848 Capitulum
426 795 700 835 Olomucense
739 794 946 835 ratihabet
983 796 1339 849 confirmationem
1378 794 1553 836 Roberti
1591 795 1780 848 episcopi
1816 794 2017 849 hospitali

147 865 283 904 sancei
314 863 505 917 Spiritus
538 868 632 904 aule
663 865 858 904 Brumme
892 876 1020 917 super
1053 864 1244 904 ecclesiis
1275 866 1320 904 in
1352 859 1591 917 Kiji-mvow
1624 867 1663 904 el
1691 865 1735 904 in
1767 863 2014 906 Sim-owine.

503 934 664 973 Dolum
699 934 923 985 Olomucii,
956 933 1036 974 JV.
1075 934 1224 974 Nonas
1262 934 1458 986 Arimis-li,
1506 932 1658 973 1:240.

277 1024 542 1087 Conuentus
583 1045 881 1084 canonicorum
921 1027 1212 1084 olomucensis
1253 1045 1355 1084 cleri
1396 1045 1585 1084 omnibus
1626 1042 1786 1085 Christi
1823 1043 2014 1085 fidelibus

145 1124 325 1165 presens
359 1115 556 1166 scriptum
596 1115 850 1165 inspecturis
884 1115 1112 1154 orationum
1146 1114 1401 1165 obsequium.
1464 1114 1629 1154 Noscat
1668 1125 1849 1165 presens
1881 1114 2014 1154 homi·
2076 1132 2079 1133 ⁷

144 1195 236 1222 num
275 1187 369 1222 etas
410 1188 452 1223 et
494 1185 534 1223 in
579 1182 750 1225 Christo
791 1195 1048 1223 successura
1089 1184 1329 1234 posteritas.
1381 1183 1488 1235 quod
1532 1194 1610 1222 nos
1651 1194 1708 1222 ex
1748 1183 1922 1222 consino
1963 1183 2014 1223 de

143 1253 345 1291 communi
386 1252 565 1303 capitulo
609 1252 819 1291 ecclesias
860 1253 899 1291 in
942 1252 1169 1293 Cri-z-‹mow
1211 1255 1253 1291 et
1292 1253 1332 1291 in
1372 1251 1613 1292 Sim-owicz
1654 1256 1696 1291 et
1736 1251 1921 1291 decimas
1962 1253 2014 1291 de

143 1321 306 1360 cunctis
339 1321 449 1360 villis
484 1320 688 1361 edificatis
723 1325 764 1360 et
797 1319 1042 1361 edificandis
1075 1320 1254 1360 traditas
1287 1333 1312 1360 a
1340 1321 1431 1360 viro
1465 1320 1643 1359 honesto
1677 1321 1902 1372 Pribyslao
1935 1333 2013 1361 no-

144 1389 251 1428 mine
292 1401 453 1440 supano
496 1395 538 1430 et
577 1391 765 1444 coniuge
807 1402 885 1429 sua
928 1390 1078 1431 Sibilla
1120 1391 1282 1429 nomine
1325 1389 1378 1428 ad
1420 1389 1629 1441 hospitale
1668 1390 1710 1429 in
1753 1390 1937 1429 Brumm
1970 1391 2014 1429 in

143 1457 303 1497 honore
342 1459 478 1498 sancti
518 1458 708 1511 δρῶ-ἕως
749 1457 1008 1499 fabricatum.
1050 1470 1155 1510 quas
1198 1458 1456 1498 venerabilis
1497 1462 1619 1509 pater
1663 1463 1809 1498 noster
1842 1457 2013 1498 Olomu-

143 1527 288 1566 censis
329 1528 553 1579 episcopus
594 1528 810 1568 Rubertus
852 1528 918 1568 dei
960 1529 1104 1582 gratia
1147 1528 1311 1567 nomine
1358 1527 1412 1567 ad
1455 1528 1694 1579 petitionem
1733 1527 2012 1579 predictorum

142 1595 190 1635 P.
226 1600 268 1636 et
301 1596 348 1637 S.
383 1595 637 1636 confirmauit
678 1601 720 1636 et
753 1609 829 1636 nos
870 1597 1071 1636 communi
1104 1597 1355 1636 auctoritate
1395 1596 1565 1647 capituli
1608 1595 1899 1637 olomucensis
1940 1593 2013 1635 fir-

142 1665 261 1704 miter
302 1664 604 1719 confirmamus,
647 1665 700 1705 ad
739 1666 1013 1706 testimonium
1061 1663 1233 1705 fratrum
1275 1670 1510 1705 nostrorum
1559 1664 1782 1705 Johannis.
1829 1665 2011 1717 Dytrici.

142 1733 277 1773 Esav.
309 1734 509 1786 Moysen.
542 1734 720 1774 Radslai
753 1739 795 1774 et
826 1735 1005 1775 Nicolai.
1053 1734 1205 1774 Datum
1238 1746 1347 1774 anno
1380 1734 1604 1775 Millesimo
1639 1732 1800 1776 CCXL
1832 1734 1874 1774 in
1908 1733 2011 1774 010-

141 1813 260 1842 mucz
291 1803 387 1844 1111.
422 1815 555 1843 nonas
587 1804 790 1858 Augusti.

452 1894 507 1927 Ex
530 1894 724 1937 originali
748 1895 779 1926 in
802 1894 937 1926 archivo
961 1893 1244 1926 Melitensium
1275 1894 1445 1936 Pragae.

943 2005 1203 2086 CCCXXV

149 2137 437 2191 W'enceslaus,
477 2151 562 2179 rem
600 2139 873 2191 Boemorum,
910 2139 1056 2182 Ulrico
1087 2126 1227 2191 Myro
1260 2141 1299 2178 et
1328 2138 1420 2191 eJ‘us
1448 2136 1672 2191 fratribus,
1711 2136 2009 2178 Brunensibus

141 2206 315 2259 civibus,
349 2208 571 2261 confirmat
597 2209 909 2261 possessionem
940 2211 1118 2260 quatuor
1149 2193 1395 2247 mansorum
1416 2208 1462 2247 in
1483 2207 1654 2247 Menice
1677 2209 1717 2247 et
1736 2203 2007 2247 Poliorelice.

570 2268 732 2317 Datum
762 2277 954 2329 Brunae,
991 2289 1133 2316 mense
1170 2277 1376 2328 Augusto,
1423 2275 1577 2316 1240.

268 2368 328 2430 In
362 2389 525 2428 nomine
558 2388 706 2429 domini
740 2400 874 2429 amen.
907 2389 998 2428 Nos
1029 2388 1329 2429 XVencezlaus
1362 2387 1429 2427 dei
1462 2388 1616 2442 gracia
1648 2398 1728 2427 rex
1758 2386 2007 2426 Boemorum

139 2462 325 2511 quartus7
359 2458 546 2498 omnibus
578 2460 830 2509 presentium
864 2458 1057 2498 noticiam
1088 2457 1294 2497 habituris
1327 2457 1368 2496 in
1400 2460 1656 2509 perpetuum.
1689 2453 1865 2497 Cunctis
1896 2455 2005 2495 ista-

139 2537 226 2565 rum
259 2527 493 2567 testimonio
526 2531 606 2567 tam
641 2527 923 2581 presentibus,
943 2538 1063 2579 quam
1087 2525 1236 2567 futuris
1269 2524 1358 2566 fieri
1380 2527 1569 2567 volumus
1595 2523 1870 2579 manifestum,
1894 2523 2006 2577 quod
