2212 2876
845 81 1039 142 *65

68 228 109 264 et
140 224 348 277 graciam.
382 223 472 275 ipsa
506 223 653 263 eadem
691 223 789 263 uilla
823 222 937 263 sacta
978 228 1043 264 est
1076 224 1211 264 libera
1251 237 1274 263 a
1309 225 1510 265 communi
1550 225 1704 266 tributo
1738 230 1866 267 terre.
1901 232 1943 267 et

67 293 120 332 ab
155 294 261 332 omni
293 293 493 333 uiolentia
527 291 821 332 beneficorum.
856 294 910 332 ab
944 294 1099 333 intratu
1133 295 1457 333 camerariorum
1493 299 1535 334 et
1567 295 1721 334 insultu
1755 295 1940 335 indebito

67 374 207 401 eorum
251 366 293 401 et
325 363 578 416 grauamine
620 362 760 401 illicito
801 363 1022 416 exigendo
1064 363 1340 414 quorumlibet
1380 362 1705 404 malefactorum.
1770 362 1941 405 Certum

65 436 200 472 autem
234 434 276 470 et
309 430 468 470 fidelem
502 435 818 483 procuratorem
851 432 905 471 ad
937 433 1185 483 peticionem
1219 434 1403 483 ipsarum
1438 433 1703 473 dominarum.
1738 433 1942 473 dominum

65 501 320 553 prepositum
370 500 690 541 Olomucensem
736 501 1008 551 Stephanum.
1057 513 1130 552 pro
1182 502 1313 552 ipsius
1362 502 1554 552 prudenti
1604 503 1847 554 prouisione
1900 506 1942 542 et

67 571 261 625 diligenti
301 570 409 609 illius
450 570 530 609 loci
571 570 851 609 subuentione
886 571 948 610 eis
982 572 1268 610 constituimus
1307 582 1441 622 usque
1487 572 1527 611 in
1569 570 1688 611 finem
1729 572 1814 611 uite
1848 583 1940 612 sue.

65 641 145 680 ι1118
179 643 315 678 autem
348 643 594 689 patronatus
629 639 755 678 debet
788 643 986 690 spectare
1030 639 1082 679 ad
1117 640 1356 690 episcopum
1402 639 1733 681 Olomucenscm.
1769 642 1866 693 quia
1898 642 1941 680 in

66 710 157 748 eius
191 706 317 747 sundo
351 708 495 747 domus
538 708 604 747 illa
639 712 705 746 est
747 708 986 747 constituta.
1052 709 1110 747 Vt
1150 714 1286 747 autem
1320 709 1400 748 hec
1444 710 1577 749 omnia
1611 714 1705 749 rata
1745 715 1942 750 maneant

67 782 108 817 et
149 777 393 816 inconuulsa
434 777 545 816 hanc
585 778 786 831 paginam
832 782 975 816 nostro
1017 782 1059 817 et
1099 779 1269 828 capituli
1311 779 1455 832 sigillo
1495 777 1670 818 fecimus
1710 781 1857 819 muniri
1899 784 1941 820 et

65 848 144 886 sub
179 847 609 886 excommunicatione
644 844 890 885 confirmari.
956 847 1011 886 Et
1044 858 1096 886 ne
1130 847 1236 886 liuor
1270 848 1528 898 inposterum
1562 849 1640 887 ista
1676 849 1809 899 possit
1842 849 1940 889 irri-

65 922 172 955 tare.
214 920 349 955 notum
391 917 443 954 sit
493 916 693 954 omnibus.
736 915 844 967 quod
894 916 1017 955 multo
1066 916 1183 966 plura
1226 916 1334 955 hona
1388 918 1713 968 conquisiuimus
1755 918 1940 957 ecclesie

67 985 346 1025 olomucensi.
380 989 421 1024 et
455 985 548 1023 ideo
584 985 664 1023 ista
699 984 832 1023 libere
875 985 1078 1036 potuimus
1113 983 1322 1024 conferre.
1386 986 1523 1025 Huius
1567 987 1629 1025 rei
1665 990 1797 1026 testes
1831 992 1940 1027 sunt.

64 1054 264 1094 Andreas
299 1055 537 1105 prepositus
564 1055 812 1108 pragensis.
845 1054 1068 1093 Johannes
1093 1055 1346 1094 scolasticus
1373 1057 1619 1109 pragensis.
1648 1054 1940 1096 Christosorus

65 1124 388 1163 archidiaconus
440 1125 689 1177 pragensis.
745 1124 941 1163 Benezss
985 1124 1134 1162 nobilis
1189 1122 1364 1164 boemie.
1413 1126 1624 1164 Bawarus
1680 1127 1939 1166 camerarius

65 1193 372 1233 olomucensis.
414 1193 572 1232 vithko
617 1204 707 1232 cum
748 1191 948 1232 fratribus
983 1193 1171 1232 heinrico
1213 1197 1254 1233 et
1288 1194 1450 1233 iuniore
1492 1194 1724 1234 Vithkone.
1757 1195 1940 1236 Zauiss'a

65 1263 321 1302 castellanus
356 1261 660 1302 Olomucensis.
725 1263 874 1302 Actum
908 1263 1058 1316 Prage
1093 1275 1202 1302 anno
1244 1263 1393 1303 domini
1428 1264 1653 1304 Millesimo
1695 1263 1786 1306 CC.
1819 1266 1938 1306 Xlll.

64 1332 298 1372 Indictione
332 1332 383 1371 ΙΙ.

375 1448 429 1480 Ex
454 1448 649 1490 originali
676 1450 704 1479 in
729 1448 865 1480 archivo
890 1449 1023 1489 capituli
1048 1447 1342 1482 olomucensis.
1367 1450 1487 1490 sigilla
1511 1450 1574 1481 duo
1599 1452 1714 1483 illaesa
1735 1451 1935 1493 appendent.

927 1648 1066 1687 LVII.

64 1763 297 1816 Rudqerus
329 1763 450 1803 miles
482 1764 738 1815 monasterio
772 1764 964 1803 Luc-ensa·
996 1763 1183 1803 decimas
1215 1765 1434 1805 vinearum
1463 1766 1592 1818 juoela
1619 1765 1945 1821 Gnadlersdorf

175 1845 293 1873 more
325 1834 530 1872 teutonico
564 1832 694 1872 {radit
724 1832 800 1871 sub
833 1834 976 1883 siqillo
1018 1834 1258 1885 ”vastas-Ias,
1292 1834 1554 1875 nntrcleiom's
1586 1838 1824 1876 Moraviae.

758 1902 927 1953 (1202
962 1926 1019 1930 —
1062 1902 1241 1953 1213).

195 2003 265 2063 In*
289 2023 466 2061 nomine.
500 2022 657 2062 Patris.
691 2026 746 2062 et.
780 2020 861 2061 11111.
895 2026 936 2062 et
969 2023 1139 2074 spiritus
1173 2024 1323 2064 sancti.
1356 2025 1506 2064 Amen.
1557 2024 1762 2074 Quoniam
1796 2039 1933 2067 rerum

64 2092 397 2130 transitoriarum
431 2092 632 2131 transitus
674 2096 752 2131 est.
786 2090 871 2131 suit.
913 2096 955 2131 et
994 2094 1074 2131 erit
1112 2104 1280 2144 semper
1314 2094 1513 2134 incertus.
1553 2095 1712 2135 idcirco
1753 2097 1936 2136 celebris

66 2161 308 2211 antiquitas.
351 2161 579 2210 prouidens
621 2160 674 2200 de
722 2159 870 2200 futuro.
912 2162 1146 2212 posteritati
1200 2162 1367 2214 reliquit
1406 2161 1573 2204 firmiter
1614 2165 1850 2205 tenendum.
1893 2172 1937 2207 ut

67 2229 263 2281 quicquid
299 2229 412 2268 circa
446 2241 518 2269 res
551 2228 754 2281 prefatas.
794 2235 963 2284 ageret.
999 2230 1077 2269 hoc
1117 2232 1327 2285 regalium
1362 2228 1610 2286 sigillorum.
1643 2235 1933 2285 impressione.

67 2304 108 2338 et
133 2298 412 2351 legitimorum
431 2299 596 2338 testium
620 2300 906 2350 inscriptione.
931 2298 1207 2339 confirmaret.
1241 2301 1344 2340 Inde
1366 2306 1443 2341 est.
1463 2302 1570 2353 quod
1596 2314 1683 2357 ego
1701 2304 1934 2355 Rudyerus

65 2368 194 2407 miles.
229 2368 400 2421 dignum
436 2367 536 2407 duxi
569 2364 706 2408 notum
738 2367 897 2408 facere.
930 2373 1012 2414 tam
1046 2370 1328 2419 presentibus
1363 2382 1483 2422 quain
1517 2370 1677 2411 suturis.
1703 2373 1933 2414 christiane

66 2435 358 2488 professionis.
401 2438 517 2475 ueris
565 2438 808 2477 cultoribus.
849 2449 913 2477 me
961 2438 1283 2478 contradidisse.
1323 2451 1439 2479 neore
1484 2442 1700 2480 teutonico.
1749 2441 1932 2481 decimas

66 2505 318 2560 integrales.
344 2506 384 2544 111
417 2504 604 2545 omnibus
627 2507 777 2546 uineis.
811 2518 891 2558 que
916 2508 996 2547 site
1029 2512 1126 2547 sunt
1152 2508 1194 2547 in
1226 2512 1376 2548 monte.
1402 2510 1471 2561 qui
1503 2511 1615 2549 iacet
1645 2511 1763 2550 iuxta
1797 2511 1932 2551 villam

1588 2577 1619 2618 9
