2212 2876
1007 216 1227 260 CCXCII.

184 314 402 369 Pfemysl,
426 315 618 356 marchio
640 315 879 364 Morsu-iae,
912 314 1169 353 monasterio
1194 311 1454 353 Gradicensi
1485 310 1688 361 concedit,
1719 313 1766 350 ut
1788 311 1833 349 in
1865 309 2056 350 omnibus

303 378 394 425 eam
429 385 657 425 libertatem
690 383 852 433 habeat,
886 396 968 435 qua
1004 382 1299 423 olomucensis
1334 381 1516 420 ecclesia
1545 379 1715 431 ‚qaudet
1784 379 1937 420 1238.

314 478 439 551 Ego
472 496 664 550 Premisl,
705 494 771 534 dci
807 495 961 549 gracia
1002 493 1187 533 marchio
1220 493 1432 546 Morauie,
1472 492 1724 532 monasterio
1757 492 1883 531 beate
1916 490 2059 530 Max-ie

182 567 368 621 uirginis
408 569 450 606 et
481 566 617 605 sancti
657 564 863 616 Stephani
897 563 1214 615 protomartyris
1254 562 1295 601 in
1329 561 1560 612 Gradi-sch,
1603 565 1644 600 et
1685 561 1828 600 abbati
1872 560 2057 599 Gerlaco

184 637 360 687 eiusque
400 634 722 674 successoribus
763 637 889 684 atque
932 633 1005 672 toti
1045 643 1170 672 sacro
1212 632 1437 670 conuentui
1478 629 1755 670 Gradicensis
1797 629 1983 668 ecclesie
2015 629 2059 668 in

183 707 440 755 perpetuum.
505 700 610 743 Cum
641 702 914 753 principalem
948 701 1100 740 deceat
1131 697 1489 739 honorificentiam
1506 721 1511 750 χ
1531 710 1587 738 ex
1619 698 1956 760 nobilitatissffiibi
1990 698 2058 736 in·-

182 776 281 813 nate
323 770 618 825 beneficentia,
666 770 818 811 deuote
860 770 1158 810 assistentibus
1204 768 1284 807 sibi
1327 769 1367 807 in
1407 766 1657 807 samulantus
1704 766 1813 806 fideli
1855 767 2057 818 obsequio

182 842 472 881 retributionis
505 838 731 879 informare
755 840 956 891 meritum,
990 851 1139 891 equum
1172 842 1253 891 est,
1279 849 1330 876 ac
1363 837 1548 877 salutare
1581 837 1722 891 magis
1755 840 1797 876 et
1822 836 2058 889 decentius,

184 914 392 963 quatenus
434 910 660 950 ecclesiam
703 909 784 963 dei,
819 921 843 948 a
877 920 956 961 quo
997 908 1118 948 nobis
1151 911 1304 947 cuncta
1346 906 1594 959 procedant
1620 907 1744 959 bona,
1784 910 1826 945 et
1857 906 2058 944 uniuerse

183 977 481 1020 beneficiorum
529 989 607 1018 sue
648 979 803 1032 gracie
853 981 1023 1016 manant
1064 977 1175 1016 dona
1222 976 1414 1029 celestia,
1458 978 1670 1026 potestate
1708 975 1765 1014 ab
1806 975 1896 1025 ipso
1936 973 2058 1013 nobis

184 1060 394 1089 concessa
436 1051 724 1102 protegamus,
773 1050 814 1086 et
855 1047 946 1086 eius
992 1046 1140 1085 honori
1179 1046 1236 1084 ita
1277 1045 1570 1096 prouideamus
1618 1047 1660 1083 et
1701 1045 1810 1097 paci,
1852 1047 2059 1095 quatenus

183 1118 306 1158 nobis
347 1118 400 1157 ab
441 1117 626 1157 ecclesia
666 1117 862 1156 continua
905 1113 1031 1155 fluant
1070 1116 1111 1154 in
1144 1114 1373 1165 presidium
1412 1114 1641 1154 orationum
1680 1124 1867 1166 munera,
1908 1115 1950 1151 et
1984 1123 2059 1163 pro

184 1184 402 1227 beneficiis
428 1186 714 1239 presentibus,
741 1186 834 1224 sine
869 1185 1018 1237 quibus
1042 1184 1279 1224 subsistere
1305 1194 1389 1222 non
1419 1186 1571 1236 potest,
1599 1193 1679 1234 que
1706 1182 1840 1221 eidem
1865 1181 2060 1232 impertiti

185 1253 399 1309 fuerimus,
446 1259 653 1306 perpetua
699 1255 936 1294 tribuantur
977 1255 1063 1292 uite
1113 1256 1262 1292 eterne
1317 1252 1578 1306 gaudiorum
1617 1252 1789 1302 premia.
1853 1251 2060 1290 Nouerint

185 1325 327 1376 itaque
361 1328 601 1378 presentes,
635 1327 677 1364 et
709 1322 835 1363 futuri
875 1324 1013 1363 sciant
1046 1323 1219 1375 posteri,
1260 1322 1452 1373 quoniam
1489 1314 1544 1360 vad
1584 1320 1787 1360 honorum
1829 1320 1898 1359 dei
1937 1323 1980 1359 et
2017 1319 2059 1359 b.

186 1395 370 1448 uirginis
411 1393 554 1433 Mal-le
603 1397 645 1433 et
683 1404 717 1433 s.
758 1392 966 1444 Stephani
1007 1392 1323 1443 protomartyris
1370 1391 1412 1429 in
1454 1389 1667 1430 Gradisch
1717 1388 1903 1429 ecclesie
1948 1387 2060 1428 hanc

187 1464 378 1517 graciam
411 1463 618 1502 libertatis
651 1463 694 1502 in
728 1465 972 1513 perpetuum
1007 1460 1272 1500 obtinendam
1306 1460 1566 1513 contulimus,
1600 1463 1642 1499 et
1680 1458 1881 1510 specialis
1922 1458 2060 1497 bene-

188 1530 268 1571 ficii
323 1532 431 1572 dono
480 1531 783 1571 inuestiendam
838 1531 1011 1585 dignum
1052 1531 1264 1583 duximus,
1314 1540 1397 1568 non
1437 1529 1617 1580 pecunie
1664 1527 1841 1566 alicuius
1887 1537 2059 1566 munere

188 1602 387 1655 corrupti,
420 1602 488 1640 uel
522 1601 714 1640 nobilium
748 1604 983 1640 nostrorum
1017 1599 1227 1639 mediante
1250 1602 1421 1653 rogatu,
1446 1598 1523 1638 sed
1556 1597 1687 1637 solius
1716 1597 1856 1636 diuine
1889 1596 2059 1648 pietatis

190 1671 334 1725 gratia
367 1670 613 1724 propulsati,
653 1670 888 1709 accedente
928 1680 1057 1720 super
1099 1669 1179 1708 hoc
1219 1666 1363 1706 fratris
1406 1667 1552 1721 nostri,
1592 1666 1735 1717 inclyti
1778 1665 1900 1719 regis
1942 1666 2060 1705 Boe-

189 1752 341 1779 morum
383 1751 610 1792 consensu,
654 1742 696 1778 et
734 1750 847 1778 mera
886 1738 1116 1790 uoluntate,
1165 1736 1425 1776 lVenceslai
1467 1736 1644 1790 nomine,
1686 1734 1884 1774 uidelicet
1928 1738 1973 1774 ut
2018 1734 2062 1773 in

190 1808 377 1847 omnibus
426 1820 517 1847 eam
564 1809 799 1847 libertatem
850 1807 1007 1847 habeat
1056 1805 1333 1847 Gradicensis
1374 1805 1574 1858 ecclesia,
1615 1815 1735 1855 quam
1777 1804 1830 1842 ab
1879 1803 2061 1854 antiquis

189 1869 446 1919 temporibus
482 1872 523 1908 et
556 1870 634 1908 sub
669 1869 824 1907 nostris
857 1880 906 1907 se
939 1867 1103 1922 gaudet
1136 1866 1317 1907 dotatam
1350 1868 1500 1905 sancta
1533 1864 1824 1905 olomucensis
1858 1863 2060 1902 ecclesia.

190 1937 390 1977 Libertas
425 1941 575 1991 autem,
609 1949 729 1989 quam
762 1938 993 1990 statuimus,
1027 1940 1069 1975 et
1100 1933 1270 1974 firmiter
1302 1933 1614 1974 obseruandam
1654 1933 1935 1987 decernimuS,
1979 1932 2060 1972 hec

191 2010 280 2046 est:
315 2006 469 2046 Omnes
502 2007 622 2046 uillas
648 2010 690 2046 et
715 2007 1028 2059 possessiones,
1054 2016 1158 2057 quas
1184 2004 1303 2044 modo
1336 2003 1526 2055 possidet
1546 2002 1825 2044 Gradicensis
1859 2001 2060 2055 ecclesia,

189 2075 258 2114 uel
292 2076 405 2125 prius
438 2076 640 2129 possedit,
673 2076 741 2115 uel
775 2078 840 2114 est
872 2086 1144 2128 possessura,
1177 2075 1270 2113 siue
1302 2073 1386 2113 sint
1417 2073 1458 2111 in
1490 2072 1688 2112 Morauia
1720 2072 1812 2111 sine
1846 2071 2061 2124 Bohemia,

195 2145 428 2195 acquisitas
484 2145 575 2183 siue
632 2144 939 2197 acquirendas,
991 2143 1044 2183 ab
1101 2145 1209 2183 omni
1273 2152 1404 2182 onere
1457 2141 1721 2195 tributorum,
1773 2140 2061 2194 uectigalium,

194 2213 461 2252 collectarum
495 2214 823 2267 quatum-decim,
865 2213 917 2252 ad
960 2213 1187 2264 principem
1220 2212 1496 2264 spectantium
1536 2222 1615 2251 seu
1656 2210 1710 2250 ad
1748 2209 2059 2263 beneficiarios,

193 2294 243 2322 ac
277 2282 449 2320 aliarum
483 2283 654 2321 omnium
688 2283 966 2336 exactionum,
1001 2292 1261 2334 quocumque
1293 2281 1457 2321 nomine
1491 2283 1761 2333 censeantur,
1795 2290 1895 2319 esse
1927 2279 2060 2318 abso-

193 2351 302 2390 lutas
339 2351 536 2404 uolumus,
574 2355 615 2390 et
633 2352 888 2401 presentium
914 2351 1172 2390 exhibitione
1196 2350 1356 2390 liberas
1381 2361 1482 2389 esse
1509 2349 1794 2403 declaramus3
1827 2347 2060 2388 adjicentes

193 2424 237 2458 ut
264 2420 398 2458 nullus
423 2431 717 2459 successorum
743 2423 992 2473 nostrorum,
1017 2421 1244 2471 principum
1276 2422 1404 2472 terre,
1437 2430 1513 2470 per
1539 2418 1736 2458 malorum
1769 2405 1837 2457 uel
1861 2416 2060 2456 bonorum

193 2490 334 2541 iniqua
368 2489 543 2528 consilia
577 2489 793 2544 seductus,
833 2489 886 2528 ad
919 2490 1107 2529 iniuriam
1140 2489 1223 2544 dei,
1257 2492 1299 2529 et
1329 2489 1461 2541 ipsius
1503 2488 1688 2528 ecclesie
1721 2486 2060 2538 destructionem,
