2212 2876
1053 106 1153 146 169

173 251 215 290 in
247 250 315 290 illo
348 250 495 301 predio
529 249 611 289 sibi
648 260 872 303 usurpare,
904 249 1017 303 illud,
1052 248 1161 301 quod
1205 242 1502 288 iuris'habere
1542 248 1779 303 videbatur,
1820 250 1859 288 in
1894 262 2038 290 manus

172 322 344 359 nostras
377 322 420 358 et
452 318 712 358 venerabilis
745 317 888 358 fratris
921 318 1068 371 nostri,
1103 317 1394 358 olomucensis
1429 319 1618 369 episcopi
1652 319 1813 357 nomine
1846 318 2036 374 Roberti,

172 389 425 442 resignauit.
481 388 669 439 Ideoque
702 390 743 426 in
776 387 856 427 hoc
889 387 1142 439 prouidimus
1174 386 1439 426 'Pi-ebecensi
1473 387 1671 441 ecclesie,
1704 399 1758 426 ne
1792 400 1815 426 a
1850 388 2038 438 predicto

171 457 379 496 Hartlebo
414 457 484 496 vel
517 458 608 496 eius
648 456 879 496 heredibus
911 457 1006 506 ipsa
1045 459 1192 507 posset
1224 456 1265 494 in
1306 460 1517 507 posterum
1552 457 1744 510 grauari,
1779 460 1820 496 et
1853 457 2047 512 ecclesia⁴

170 526 280 565 illius
319 527 606 577 possessionis
654 527 794 577 quieta
834 525 1048 579 gauderet
1092 525 1301 565 libertate.
1365 525 1517 564 Villam
1564 527 1704 577 itaque
1754 526 1806 565 de
1848 525 2039 566 Ozlauan

172 606 263 634 cum
304 594 589 634 determinatis
631 595 721 634 eius
761 594 1023 645 appendiciis
1062 594 1115 633 ab
1156 594 1465 634 estimatoribus
1504 595 1816 648 prenominatis,
1859 599 1901 634 et
1932 596 2038 635 alias

172 663 278 703 duas
311 664 450 717 villas,
482 663 683 702 videlicet
720 664 928 703 Martini-z,
961 666 1003 702 et
1033 662 1306 702 Pra‘bc‘zlam‘z
1348 663 1483 702 domui
1525 675 1559 702 s.
1600 664 1742 703 Mal-ie
1775 665 1816 702 in
1850 663 2039 704 Ozlauan

172 732 467 784 possidendam
500 732 759 781 roboramus.
825 731 932 780 Quia
964 743 1070 771 vero
1104 732 1275 771 illustris
1316 743 1395 771 rex
1427 732 1613 785 Boemie,
1646 732 1827 771 Premizl
1859 735 2039 787 nomine,

172 801 226 840 ad
259 801 481 852 piissimam
515 801 764 852 peticionem
798 804 981 839 nostram
1022 812 1078 839 ex
1111 804 1317 839 consueta
1350 812 1427 839 sua
1460 801 1710 840 liberalitate
1751 802 1951 853 quasdam
1983 802 2040 841 illi

173 870 359 909 ecclesie
399 870 614 908 concessit
654 869 888 922 libertates,
931 869 1094 908 scilicet
1133 871 1177 907 ut
1215 869 1314 908 ville
1355 871 1592 920 prescripte
1633 870 1685 908 ab
1729 871 1915 910 omnibus
1956 883 2038 911 ex-

172 938 407 977 actionibus
449 936 537 977 fisci
577 942 619 977 et
660 937 713 976 ab
757 939 861 976 omni
896 938 1001 990 iure,
1041 937 1097 976 ad
1131 938 1256 991 regie
1290 939 1519 977 maiestatis
1558 938 1772 978 utilitatem
1805 943 2038 995 spectante,

170 1007 507 1060 absoluerentur,
531 1009 573 1046 et
599 1018 649 1045 ea
676 1006 961 1045 commoditate
987 1010 1029 1045 et
1055 1007 1249 1046 libertate
1274 1007 1531 1061 gauderent,
1557 1019 1637 1058 qua
1665 1008 1830 1062 gaudet
1853 1009 2040 1050 ecclesia

169 1075 529 1129 XVeligradensis
563 1076 605 1114 in
637 1075 880 1129 priuilegio,
913 1087 939 1114 a
966 1076 1093 1129 regia
1126 1077 1358 1115 serenitate
1391 1076 1471 1115 sibi
1497 1086 1721 1130 concesso,
1756 1089 1833 1116 nos
1868 1078 2038 1117 easdem

170 1144 390 1195 sepedicte
423 1144 608 1183 ecclesie
642 1143 944 1183 confirmamus.
1008 1145 1173 1184 Vineas
1207 1145 1340 1183 eciam
1382 1145 1612 1199 duodecim,
1647 1146 1687 1184 in
1720 1146 1901 1185 diuersis
1933 1147 2038 1187 locis

170 1213 288 1266 sitas,
322 1224 427 1264 quas
460 1214 552 1263 ipsa
585 1217 774 1252 matrona
816 1213 988 1252 contulit
1020 1213 1154 1252 eidem
1187 1213 1387 1267 ecclesie,
1430 1213 1600 1253 easdem
1633 1215 1823 1254 volumus
1863 1213 2039 1266 pacifice

172 1285 215 1322 et
247 1282 388 1334 quiete
422 1282 656 1333 possidere.
705 1283 760 1321 Et
793 1282 873 1321 hec
908 1283 1057 1335 omnia,
1084 1293 1164 1333 que
1198 1282 1267 1321 illa
1300 1282 1490 1336 ingenua
1514 1286 1703 1322 matrona
1737 1283 1871 1324 eidem
1904 1284 2039 1325 domui

170 1351 356 1403 contulit,
389 1351 467 1390 sub
501 1352 762 1402 protectione
796 1351 982 1390 ecclesie
1008 1351 1198 1390 Romane
1232 1354 1274 1390 et
1305 1354 1451 1391 nostra
1475 1352 1714 1403 recipimus.
1762 1353 1818 1393 Et
1850 1365 2038 1395 venera-

170 1419 242 1459 bili
275 1419 479 1474 Roberto,
520 1420 720 1470 episcopo
762 1419 1042 1472 olomucensi,
1076 1423 1118 1459 et
1157 1421 1248 1459 eius
1281 1420 1608 1460 successoribus
1649 1422 1780 1472 ipsam
1815 1423 2039 1463 ecclesiam

174 1491 449 1528 manutenere
498 1491 540 1527 et
588 1486 821 1528 desendet-e
863 1489 1152 1542 commisimus,
1202 1489 1311 1527 sicut
1359 1490 1491 1529 eciam
1530 1490 1621 1529 iure
1667 1488 1812 1530 facere
1859 1494 2038 1532 tenetur.

170 1556 228 1598 Ut
253 1560 388 1595 autem
421 1556 501 1595 hec
527 1558 661 1596 omnia
695 1561 785 1596 rata
810 1560 1004 1596 maneant
1036 1562 1078 1596 et
1103 1558 1369 1611 inconcussa,
1396 1562 1633 1609 presentem
1659 1560 1859 1614 paginam
1892 1564 2037 1602 nostro

171 1625 316 1679 sigillo
344 1623 518 1664 fecimus
544 1626 795 1665 communiri.
844 1625 891 1666 Si
916 1626 1007 1677 quis
1041 1630 1176 1665 autem
1210 1617 1262 1665 de
1287 1627 1511 1667 abbatibus
1537 1621 1826 1669 ‘Pi-ebeceiisis
1851 1630 2037 1670 ecclesie

170 1694 242 1734 vel
280 1694 386 1734 alius
426 1705 493 1747 ea,
534 1705 614 1745 que
654 1706 678 1733 a
716 1694 837 1733 nobis
877 1695 1065 1748 legitime
1098 1693 1338 1735 confirmata
1381 1700 1490 1750 sunt,
1532 1697 1742 1737 immutare
1775 1700 2037 1750 temptauerit

171 1762 242 1802 vel
273 1763 315 1802 in
354 1763 510 1802 irritum
544 1773 766 1816 reuocare,
799 1764 901 1802 ira'm
941 1763 1008 1803 dei
1042 1767 1084 1803 et
1115 1764 1331 1804 beatorum
1372 1766 1652 1817 apostolorum
1691 1767 1809 1806 Petri
1841 1771 1883 1807 et
1915 1768 2038 1808 Pauli

170 1835 214 1872 et
258 1832 431 1871 omnium
481 1835 720 1871 sanctorum
768 1843 817 1871 se
864 1833 1028 1873 nouerit
1076 1833 1350 1872 incursurum.
1413 1834 1469 1873 Et
1516 1846 1591 1874 nos
1639 1837 1902 1891 auctoritate,
1952 1848 2036 1889 qua

169 1899 398 1955 fungimur,
438 1901 674 1952 quicunque
713 1900 794 1940 hoc
827 1901 1012 1941 salutare
1054 1905 1249 1942 statutum
1289 1903 1476 1942 scienter
1515 1904 1750 1958 violauerit,
1789 1905 1870 1945 nisi
1901 1907 2034 1946 tercio

171 1970 441 2009 commonitus
481 1969 688 2009 humiliter
728 1971 965 2024 resipiscat,
1001 1982 1090 2010 eum
1132 1982 1242 2022 pena
1276 1972 1553 2011 anathematis
1592 1973 1829 2014 innodatum
1868 1988 2034 2016 annun-

171 2038 341 2076 ciamus.
404 2037 519 2076 Data
566 2037 716 2092 Prage
765 2039 889 2078 Anno
939 2037 1216 2079 MCCXXV.
1265 2040 1341 2079 Vl.
1380 2041 1599 2081 Kalendas
1646 2043 1759 2082 Julii.
1822 2044 1870 2083 In
1910 2044 2033 2084 huius

171 2108 309 2144 autem
333 2108 476 2145 nostre
504 2104 837 2146 confirmacionis
862 2108 1136 2148 testimonium
1162 2110 1426 2161 precepimus
1450 2110 1668 2165 Pragensi
1703 2115 1744 2152 et
1768 2111 2033 2153 olomucensi

172 2173 400 2228 episcopis,
432 2177 475 2213 ut
507 2174 652 2228 sigilla
684 2187 762 2214 sua
795 2180 1069 2228 apponerent.

481 2290 511 2322 E
534 2290 636 2323 libro
660 2293 990 2335 apographorum
1013 2294 1046 2326 in
1068 2294 1205 2326 archivo
1229 2295 1396 2327 ecclesiae
1418 2306 1447 2328 s.
1469 2296 1618 2329 Jacobi
1641 2298 1805 2329 Brunae
1828 2298 1900 2331 Ms.

1651 2593 1720 2632 22
