2212 2876
945 281 1166 325 CCLXV.

121 377 359 432 Gregorius
407 391 522 442 papa
553 378 636 419 IX.
677 378 899 442 confirmet
939 378 1139 431 hospitali
1177 378 1479 432 stellis'erorum
1511 356 1702 431 Pro-eae·
1728 377 1992 419 domationem

220 446 438 501 Premysl,
460 446 722 488 marchionis
753 448 992 489 Mor-ariae.
1024 448 1152 487 villae
1183 446 1384 488 Raltkice.
1455 448 1753 500 Dt.‚Pe1·usiae·,
1785 446 1885 488 XV.

759 516 985 557 Kalendas
1017 517 1157 570 danii,
1196 516 1349 558 1235.

250 612 512 687 Gregorius
547 631 769 683 episcopus
803 643 955 671 seruus
989 643 1206 671 seruorum
1245 630 1343 670 Dei.
1422 630 1602 670 Dilectis
1636 627 1727 670 filiis
1759 628 1915 669 rectori
1948 630 1990 667 et

122 698 324 741 fratribus
358 701 576 752 hospitalis
610 701 746 740 sancti
780 701 999 740 Francisci
1034 701 1251 755 Pragensi
1285 699 1460 739 salutem
1486 702 1527 738 et
1552 699 1821 750 apostolicam
1853 697 1990 737 bene-

119 769 355 810 dictionem.
434 770 565 810 Filius
605 771 746 809 summi
788 770 925 824 regis,
959 770 1027 821 qui
1060 769 1189 808 habet
1221 770 1262 808 in
1295 770 1383 808 suis
1423 768 1612 807 manibus
1653 768 1783 808 corda
1823 778 1989 821 regum,

124 839 294 892 dilecto*
317 837 397 878 filio
439 839 565 879 nobili
608 840 700 878 viro
741 839 937 878 Prenu‘zl
974 838 1213 877 nun-chione·
1250 839 1465 889 Mor-arie,
1500 840 1598 877 nato
1639 837 1755 877 clare
1795 836 1989 876 memorie

118 909 244 962 regis
278 908 464 962 Boemie,
498 908 736 962 inspirauit,
763 914 804 947 et
829 908 1058 959 prudenter
1090 907 1328 960 attendens,
1355 911 1396 946 et
1420 907 1626 946 humiliter
1650 916 1990 961 recognoscens,

123 977 233 1029 quod
267 978 346 1017 etsi
381 976 502 1017 diues
527 979 568 1017 in
592 978 780 1017 omnibus
813 978 1016 1017 Dominus
1051 989 1130 1016 non
1163 977 1241 1015 nisi
1268 988 1341 1027 pro
1368 976 1488 1015 nobis
1514 979 1649 1030 egeat
1672 976 1792 1015 bonis
1818 975 1990 1028 nostriS,

120 1050 338 1097 acceptum
379 1050 514 1086 tamen
548 1051 613 1086 est
647 1048 704 1101 ei,
732 1051 776 1085 ut
809 1051 1006 1086 creatura
1042 1058 1123 1085 non
1157 1046 1286 1085 solum
1320 1057 1411 1099 sua,
1445 1045 1522 1084 sed
1563 1046 1687 1084 etiam
1726 1045 1991 1095 semetipsam

121 1115 333 1166 impendat
364 1115 632 1166 beneplacito
666 1117 888 1168 creatoris,
922 1120 964 1155 ut
998 1115 1049 1154 (le
1083 1115 1296 1166 perceptis
1331 1113 1546 1154 beneficiis
1581 1115 1749 1168 gratias
1783 1113 1991 1153 exhibens

127 1184 293 1235 potiora
319 1185 542 1235 percipere
567 1190 792 1237 mereatur3
818 1196 947 1224 secus
971 1184 1204 1238 agentibus
1237 1185 1446 1235 reputatis
1470 1185 1669 1238 ingratis,
1695 1195 1867 1235 quorum
1890 1193 1992 1233 spes

123 1253 347 1293 evanescit
388 1253 505 1293 velut
546 1266 690 1305 spuma
739 1254 931 1307 gracilis,
973 1265 1052 1305 que
1094 1253 1285 1293 deiicitur
1318 1265 1343 1292 a
1384 1254 1584 1307 procella,
1625 1253 1682 1292 illi
1721 1253 1851 1292 voluit
1888 1251 1992 1292 dare

121 1321 314 1374 quedam,
356 1323 424 1374 qui
465 1323 546 1363 sibi
587 1323 758 1363 contulit
797 1324 1012 1377 uniuersa,
1050 1326 1094 1362 ut
1126 1335 1202 1374 pro
1242 1323 1495 1362 transitoriis
1535 1324 1748 1374 reciperet
1785 1319 1992 1361 sine'fine

126 1402 340 1444 mansura,
382 1396 423 1432 et
463 1396 636 1432 terrena
679 1404 753 1444 pro
795 1393 1026 1432 celestibus
1067 1390 1177 1431 selici
1226 1393 1472 1432 commercio
1513 1395 1795 1432 commutaret.
1872 1389 1994 1432 Sicut

124 1464 232 1504 enim
266 1463 398 1514 ipsius
431 1461 683 1501 marchionis
717 1461 905 1501 exhibite
931 1462 1053 1501 nobis
1076 1462 1214 1501 littere
1240 1462 1524 1515 continebant,
1551 1462 1656 1501 idem
1678 1461 1731 1500 ad
1755 1460 1993 1512 petitionem

127 1532 280 1572 dilecte
314 1532 354 1570 in
384 1529 555 1572 Christo
590 1529 670 1570 filie
700 1531 890 1585 Agnetis
923 1531 1124 1585 virginis,
1157 1531 1318 1570 sororis
1345 1542 1436 1584 sue,
1465 1531 1517 1570 de
1542 1542 1723 1570 assensu
1758 1529 1993 1570 charissimi
2019 1584 2022 1588 .

122 1602 165 1641 in
207 1599 379 1642 Christo
420 1597 489 1639 filii
528 1600 660 1639 nostri
700 1600 782 1639 W.
824 1600 993 1639 illustris
1036 1601 1159 1654 regis
1199 1600 1385 1654 Boemie,
1426 1599 1566 1640 fratris
1606 1601 1684 1655 sui,
1724 1594 1880 1655 villam,¹
1911 1608 1992 1651 que

122 1670 273 1710 dicitur
305 1668 532 1720 Hales-eice,
557 1671 598 1708 in
625 1680 702 1708 suo
725 1670 1012 1709 marchionatu
1037 1670 1170 1722 sitam,
1197 1681 1286 1708 cum
1314 1670 1458 1720 pratis,
1487 1671 1672 1723 pascuis,
1694 1669 1828 1723 siluis,
1854 1666 1996 1723 agriS,'

125 1740 262 1792 aquiS,
296 1743 339 1777 et
371 1738 560 1778 omnibus
601 1739 862 1789 pertinentiis
896 1739 983 1777 suis
1023 1738 1218 1790 hospitali
1252 1739 1386 1778 sancti
1428 1740 1648 1778 Francisci
1685 1739 1849 1793 'vesti-o,
1883 1737 1993 1795 quod
2050 1733 2053 1740 ’

124 1808 179 1848 ad
227 1809 456 1847 Romanam
500 1807 724 1846 ecclesiam
765 1808 875 1847 nullo
915 1808 1124 1848 mediante
1165 1809 1358 1861 pertinet,
1392 1808 1642 1848 liberalitate
1683 1808 1750 1858 pia
1784 1811 1826 1847 et
1857 1807 1992 1847 libera

126 1877 298 1917 contulit
332 1877 502 1930 pietate,
538 1880 659 1927 prout
693 1878 732 1916 in
767 1877 968 1928 predictis
1000 1878 1132 1917 literis
1173 1878 1423 1927 expressius
1465 1882 1506 1917 et
1538 1877 1702 1928 plenius
1743 1877 1991 1916 continetur.

123 1945 269 1995 Quare
294 1944 368 1985 suit
395 1957 451 1984 ex
478 1949 597 1996 parte
632 1950 777 1985 vestra
801 1947 921 1985 nobis
938 1946 1144 1986 humiliter
1169 1947 1457 1999 supplicatum,
1482 1951 1526 1986 ut
1550 1947 1811 1986 donationem
1846 1946 1992 1985 huius-

125 2015 230 2054 modi
264 2015 495 2064 apostolico
537 2014 811 2068 dignaremur
850 2016 1068 2055 munimine
1109 2014 1327 2055 roborare.
1398 2016 1488 2056 Nos
1522 2017 1655 2070 igitur
1692 2017 1849 2056 vestris
1888 2028 1992 2067 sup-

124 2083 418 2135 plicationibus
468 2083 697 2137 benignum
741 2085 1027 2136 impertientes
1076 2096 1294 2124 assensum
1336 2085 1597 2124 donationem
1646 2085 1845 2139 eamdem,
1885 2086 1993 2125 sicut

124 2141 205 2205 pie,
240 2163 291 2191 ac
326 2152 499 2202 prouide
541 2150 653 2192 sacta
689 2157 768 2206 est,
809 2154 1058 2193 auctoritate
1092 2154 1323 2204 apostolica
1364 2154 1666 2209 confirmamus,
1708 2159 1749 2194 et
1781 2155 1993 2207 presentis

124 2222 271 2272 scripti
304 2220 534 2272 patrocinio
576 2223 889 2276 communimus,
929 2227 1117 2262 tenorem
1149 2223 1376 2262 litterarum
1420 2225 1603 2275 ipsarum
1636 2224 1905 2275 presentibus
1939 2225 1992 2264 (le

124 2290 259 2330 verbo
294 2289 348 2329 ad
383 2289 556 2329 verbum
580 2291 710 2330 inseri
736 2289 955 2346 facientes,
984 2292 1051 2343 qui
1078 2292 1172 2331 talis
1207 2295 1290 2331 est:
1340 2292 1392 2332 In
1422 2294 1589 2332 nomine
1621 2296 1764 2332 sancte
1796 2294 1991 2333 trinitatis

128 2361 167 2399 et
189 2358 409 2398 intimidae
435 2360 617 2399 unitatis.
644 2360 791 2400 Amen.
839 2362 939 2412 Effe
968 2361 1178 2412 Premizl,
1212 2361 1280 2400 dei
1307 2363 1450 2412 qratia
1482 2362 1675 2402 marchio
1707 2364 1934 2403 Morauie.
1952 2392 1961 2402 .
1981 2392 1991 2402 .

124 2440 164 2468 α.
201 2427 344 2467 1234.
386 2427 522 2477 (If'ide
557 2440 597 2467 η.
639 2428 892 2478 CCLVII.)
956 2430 1067 2469 Nulli
1107 2441 1217 2484 ergo
1261 2432 1422 2470 omnino
1465 2431 1669 2471 homiuum
1717 2432 1843 2471 liceat
1882 2431 1991 2471 hanc

124 2497 330 2552 paginam
364 2500 508 2536 nostre
542 2495 864 2538 confirmationis
898 2496 1151 2553 infringere,
1186 2499 1254 2539 vel
1292 2500 1331 2539 ei
1364 2512 1470 2540 ausu
1509 2502 1732 2541 temerario
1766 2502 1990 2541 contraire.

124 2564 174 2607 Si
208 2566 299 2618 quis
333 2569 469 2606 autem
500 2565 581 2606 hoc
616 2570 824 2607 attentare
866 2568 1180 2622 presumpserit,
1221 2568 1552 2624 indignationem
1587 2571 1875 2622 omnipotentis
1909 2571 1989 2625 dei,
