2212 2876
1115 58 1183 99 60

209 204 264 246 de
295 204 478 256 Appulia
501 202 725 243 uenientis.
752 200 1061 255 quinquaginta
1088 211 1256 239 marcas
1285 200 1460 254 argenti
1494 212 1520 240 a
1542 198 1909 241 Cladrubensibus
1935 201 2089 252 accepi

207 273 526 315 mercatoribus.
575 272 778 310 relaxans
827 280 903 309 eos
952 281 977 308 a
1025 269 1234 309 solutione
1281 270 1393 309 ciuili
1434 269 1537 308 iuris
1577 270 1740 310 scilicet
1787 283 1812 310 a
1853 270 2086 321 duplicibus

208 343 389 396 uulpinis
413 341 592 393 pellibus
616 351 721 392 quas
748 338 870 378 michi
895 338 1363 390 predecessoribusque
1395 339 1498 377 meis
1526 339 1763 379 soluebant.
1791 343 1833 379 et
1858 337 2086 379 conferens

208 413 500 464 inperpetuum
526 410 711 450 ecclesie
734 406 1016 450 Cladrubensi
1041 407 1093 446 ob
1119 407 1343 446 remedium
1370 408 1504 446 anime
1533 419 1637 447 mee.
1661 420 1713 447 ac
1736 408 2087 460 predecessorum

208 489 591 531 successorumque
631 489 813 517 meorum
861 476 972 515 hanc
1014 476 1222 515 libertatis
1261 476 1488 515 utilitatem.
1537 477 1728 527 quoniam
1774 480 1925 516 teneor
1963 476 2085 516 huius

212 550 294 590 loci
333 548 662 589 necessitatibus
703 545 942 598 prouidere.
983 556 1034 584 ac
1072 545 1422 596 prosperitatibus
1455 556 1535 584 nec
1576 557 1659 585 non
1697 546 1940 585 utilitatibus
1980 556 2085 585 con-

210 617 421 672 gaudere.
486 617 623 656 Huius
656 616 720 655 rei
752 618 891 654 testes
924 618 1041 653 sunt:
1074 614 1276 654 Andreas
1310 614 1593 653 cancellarius
1626 618 1670 654 et
1700 615 1941 666 prepositus
1972 614 2086 653 Pra-

210 687 379 742 gensis.
407 686 570 725 Zlauco
601 684 874 723 camerarius.
897 683 1141 722 Bohuzlaus
1165 681 1270 722 lilius
1295 685 1400 723 eius.
1424 684 1556 723 Jaros
1583 695 1725 737 gener
1747 685 1852 723 eius.
1877 683 2085 723 Vbizlaus

208 755 262 796 de
284 755 489 796 Zulislau.
513 754 684 797 Ulricus
704 753 756 792 de
781 753 935 792 Lutitz.
954 752 1183 791 Heinricus
1211 751 1263 791 de
1289 752 1562 794 Setscowitz.
1583 753 1798 793 Hirdebor
1823 753 1875 793 de
1900 752 2083 795 Userob.

520 905 575 938 Ex
598 904 798 947 originali
823 905 853 935 in
879 903 1016 935 archivo
1041 913 1070 935 c.
1095 914 1120 934 r.
1145 903 1251 934 aulico
1275 903 1557 936 vindobonae.

1103 1132 1195 1171 LII.

208 1257 479 1308 widericus,
522 1257 816 1297 Romanorum
859 1255 1102 1305 imperawr,
1144 1254 1250 1291 inter
1293 1253 1379 1292 alia
1425 1254 1528 1305 jura
1569 1256 1608 1292 et
1644 1253 1853 1293 libertates
1894 1254 2085 1295 concedit

209 1326 412 1378 Otalwro,
452 1326 546 1377 reyz‘
587 1325 861 1374 Boemorum,
905 1325 1024 1362 ettam
1055 1323 1135 1374 jus
1183 1321 1431 1361 investiendi
1472 1323 1693 1374 episcopos
1736 1334 1851 1373 suos,
1890 1323 2085 1364 videlicet

267 1396 537 1447 Prayensem
554 1397 592 1433 et
609 1393 941 1433 olomucensem.
978 1392 1048 1431 Dt.
1066 1391 1271 1430 Basileae
1297 1391 1368 1430 ΓΙ.
1387 1391 1614 1431 Kalendas
1634 1391 1841 1443 Octobris.
1868 1393 2020 1432 1212.

337 1497 604 1558 Fridericus
637 1513 777 1552 diuina
803 1510 977 1551 fauente
1011 1512 1231 1551 clementia
1252 1512 1534 1551 Romanorum
1567 1513 1804 1563 imperator.
1839 1517 1880 1551 et
1912 1524 2080 1564 semper

207 1588 435 1640 augustus.
470 1595 549 1623 rex
583 1582 742 1624 Sicilie.
778 1582 956 1621 ducatus
999 1582 1166 1631 Apulie.
1206 1585 1248 1620 et
1280 1581 1540 1632 principatus
1582 1579 1744 1632 Capue.
1810 1580 1913 1622 Cum
1948 1582 2079 1621 decus

207 1658 250 1695 et
289 1656 479 1706 potestas
519 1652 677 1703 imperii
727 1655 911 1690 nostrum
954 1651 1217 1701 precesserit
1259 1654 1422 1689 statum.
1462 1653 1506 1688 ut
1552 1661 1635 1688 non
1674 1650 1804 1689 solum
1844 1654 2080 1690 ceterorum

206 1723 438 1776 principum
476 1721 723 1775 dignitates.
776 1731 921 1759 verum
962 1720 1084 1757 etiam
1133 1722 1304 1769 sceptra
1344 1719 1516 1771 regalia
1557 1731 1581 1757 a
1621 1723 1765 1758 nostra
1806 1717 2079 1758 conferantur

207 1791 443 1831 maiestate.
486 1790 718 1844 gloriosum
751 1792 995 1839 reputamus
1031 1791 1072 1826 et
1095 1785 1372 1841 magnifieum.
1407 1787 1517 1838 quod
1548 1788 1727 1826 intanto
1762 1792 1906 1826 nostre
1939 1788 2079 1842 largi-

207 1860 303 1901 tatis
343 1857 548 1898 beneficio
596 1862 638 1897 et
680 1858 773 1897 aliis
820 1857 978 1897 crescit
1017 1857 1143 1910 regie
1194 1857 1414 1910 dignitatis
1454 1860 1735 1909 augmentum.
1785 1867 1864 1895 nec
1906 1857 1957 1896 ob
1999 1857 2077 1896 hoc

209 1929 432 1968 eminentia
458 1931 603 1968 nostra
634 1926 798 1978 aliquod
824 1928 976 1977 patitur
1009 1926 1307 1965 detrimentum.
1355 1925 1458 1964 Inde
1484 1929 1550 1964 est
1578 1925 1684 1976 quod
1710 1937 1785 1964 nos
1810 1925 2078 1965 attendentes

208 1984 403 2050 preclara
446 1996 689 2037 deuocionis
733 1996 938 2046 obsequia
989 2006 1069 2046 que
1108 1995 1309 2033 uniuersa
1357 1994 1603 2033 Boemorum
1646 2005 1762 2047 gens
1812 1993 1865 2032 ab
1906 1995 2076 2045 antiquo

208 2070 395 2116 tempore
420 2064 607 2104 Romano
642 2064 803 2103 exibuit
826 2064 997 2114 imperio
1030 2068 1110 2103 tam
1135 2061 1311 2101 fideliter
1345 2073 1464 2114 quam
1491 2061 1655 2100 deuote.
1697 2066 1738 2101 et
1771 2062 1878 2113 quod
1903 2062 2075 2102 illustris

207 2134 306 2174 Rex
339 2144 479 2172 eorum
514 2132 768 2172 Ottacharus
802 2145 828 2172 a
860 2133 988 2183 primo
1016 2133 1124 2170 inter
1156 2131 1260 2172 alios
1289 2131 1501 2181 principes
1535 2130 1778 2180 specialiter
1810 2142 1884 2181 pre
1919 2131 2075 2170 ceteris

206 2204 250 2242 in
283 2203 573 2252 imperatorem
606 2214 683 2241 nos
718 2202 867 2255 elegit.
903 2205 944 2240 et
977 2204 1121 2240 nostre
1161 2200 1380 2239 electionis
1413 2201 1735 2249 perseuerantie
1769 2199 1999 2253 diligenter
2033 2203 2076 2238 et

208 2271 365 2309 utiliter
397 2270 590 2309 astiterit.
640 2271 748 2309 sicut
781 2271 959 2310 dilectus
1000 2273 1173 2322 patruus
1205 2272 1351 2307 noster
1389 2269 1457 2318 pie
1490 2268 1684 2307 memorie
1726 2268 1823 2307 Rex
1856 2268 2074 2318 Philippus

209 2339 384 2378 omnium
425 2339 655 2388 principum
695 2339 838 2378 habito
886 2339 1060 2378 consilio
1104 2348 1179 2392 per
1224 2348 1341 2376 suum
1380 2337 1648 2390 priuilegium
1699 2337 1883 2377 instituit.
1942 2337 2072 2387 ipsum

207 2418 358 2461 regem
392 2408 677 2446 constituimus
711 2406 1010 2447 confirmamus.
1045 2411 1086 2446 et
1119 2410 1199 2445 tam
1231 2408 1420 2445 sanctam
1453 2409 1494 2444 et
1527 2405 1701 2459 dignam
1734 2404 2071 2444 constitutionem

207 2475 499 2528 approbamus.
562 2476 846 2530 Regnumque
879 2476 1051 2519 Boemie
1084 2475 1328 2518 liberaliter.
1362 2478 1403 2514 et
1444 2474 1605 2525 absque
1639 2474 1745 2516 omni
1777 2473 1956 2524 pecunie
1990 2484 2070 2512 ex-
