2212 2876
1067 86 1269 147 Μή

178 228 407 268 canonicus
430 227 837 282 lvissegradensis.
863 227 1086 268 Johannes
1105 227 1348 279 capellanus
1375 232 1417 267 et
1434 229 1664 268 canonicus
1692 229 2052 270 Lutomiricensis.

178 288 332 338 Comes
364 296 569 338 Lutoldus
603 296 655 336 de
681 296 872 336 Hardek.
907 294 1063 337 Comes
1094 297 1310 336 Arnoldns
1345 297 1397 336 de
1423 298 1672 337 Huswalde.
1707 299 1902 338 Bai-ones
1935 300 2052 338 Boe-

175 379 350 406 morum:
389 367 603 407 Zdezlaus
643 377 822 405 summus
856 367 1130 405 camerarius.
1172 366 1414 405 Bohuslaus
1448 364 1553 406 lilius
1586 367 1833 406 Zlavconis.
1875 368 2051 422 witigo

177 436 321 476 senior
354 440 395 475 et
427 436 605 489 witigo
638 435 776 474 iunior
806 433 977 474 fratres.
1010 435 1189 489 Witigo
1223 433 1472 474 cumfratre
1506 447 1582 474 suo
1605 435 1794 475 Zezema
1826 433 1894 475 filii
1927 437 2051 476 Hen-

176 505 254 544 rici
277 505 330 544 de
358 505 495 544 Nowa
521 504 654 544 domo.
687 504 901 555 Zwoyssa
929 502 1035 543 filius
1059 504 1275 543 Bohuzlai.
1305 504 1522 544 Zdezlaus
1548 504 1600 543 de
1626 505 1802 544 Hilmez.
1835 505 2051 545 Zlauibor.

177 573 436 613 Radozlaus.
461 573 633 613 Pulecz.
659 574 853 612 Barones
882 572 1081 612 Morauie
1109 573 1161 612 (le
1189 573 1370 612 Znoem:
1404 574 1539 613 Hruto
1567 574 1843 628 burgrauius.
1869 574 2050 614 VVirsso

176 644 449 682 camerarius.
480 642 655 682 Militsk.
698 642 789 681 Idic
822 640 991 681 fratres.
1031 641 1202 681 Wolik.
1242 642 1502 681 &villielmus
1544 643 1596 682 de
1630 643 1847 694 Lupoldus
1880 641 2050 683 fratres.

177 711 371 752 Zerrcho
413 714 455 752 et
487 711 693 751 Zdaztolo
735 709 891 751 fratres
925 711 978 750 de
1011 711 1200 751 Budisin.
1241 711 1503 751 Bernardus.
1536 712 1765 751 Lutherus.
1805 712 2051 752 Hertwicus

176 779 344 821 fratres.
408 781 520 820 Acta
553 784 650 820 sunt
681 780 762 820 hec
795 782 836 820 in
868 781 937 821 W
941 780 1217 835 elegradensi
1252 781 1506 820 monasterio
1540 781 1705 832 publice
1739 792 1878 820 coram
1920 781 2050 820 baro-

175 850 298 890 nibus
336 850 509 911 Boemie
550 853 592 890 et
631 850 843 904 Morauie7
885 850 1122 889 venerabili
1163 850 1317 889 abbate
1357 849 1616 892 Hartmanno
1657 849 1844 889 eiusdem
1885 851 2050 890 cenobii

175 922 297 972 patre
338 919 445 959 omni
484 929 655 970 precum
694 919 903 958 instancia
937 919 1198 970 deposcente
1239 922 1281 957 et
1313 918 1382 957 alii
1423 930 1544 970 quam
1584 918 1728 969 plures
1768 922 1849 958 tam
1890 919 2050 967 clerici7

177 1000 298 1041 quam
329 988 438 1028 laici.
501 989 653 1028 Datum
688 999 764 1039 per
795 999 942 1027 manus
977 987 1115 1027 dilecti
1150 988 1300 1028 notarii
1333 989 1464 1027 nostri
1500 991 1541 1026 et
1574 982 1781 1038 capellani
1814 987 2050 1033 WilhehnL

176 1070 286 1098 anno
320 1058 631 1098 incarnacionis
665 1057 815 1096 domini
847 1054 1192 1097 MCCXXXVI.
1225 1056 1325 1096 XV.
1358 1056 1578 1096 Kalendas
1611 1057 1848 1096 Februarii.
1882 1058 2047 1108 Epacla

175 1128 255 1168 xl.
285 1127 529 1167 Indiccione
568 1126 624 1166 X.
657 1126 783 1166 Anno
816 1125 964 1180 Regni
1005 1126 1139 1166 nostri
1170 1125 1250 1165 IX.
1290 1126 1525 1180 Regnante
1558 1126 1720 1166 domino
1763 1129 1906 1166 nostro
1939 1127 2049 1166 Jesu

176 1195 361 1238 Christo.
393 1197 543 1237 Amen.

485 1295 516 1328 E
541 1294 658 1328 codice
686 1293 1010 1327 Welehradensi
1037 1293 1108 1326 Ms.
1131 1293 1188 1328 fol.
1214 1292 1277 1326 14.

979 1471 1242 1515 CCLXXII.

172 1568 394 1610 F'riderz‘ez’
424 1570 487 1610 ΙΙ.
520 1569 790 1622 imperatoris
823 1567 1141 1621 confoederatio
1174 1579 1269 1607 cum
1292 1579 1394 1619 φερε
1424 1567 1641 1618 Boemiae,
1675 1566 1782 1606 duee
1813 1566 2045 1617 Barare‘ue,

171 1638 417 1679 marchione
442 1637 854 1690 Brundenburyensz'
880 1640 919 1677 et
940 1638 1151 1690 episeopis
1182 1635 1493 1686 Bamberffensz‘
1510 1639 1549 1675 el
1564 1637 1815 1675 Patavienset
1838 1635 2046 1674 adversus

305 1708 596 1760 F'ridericum,
630 1707 778 1747 ducem
810 1707 1022 1748 Auso-iae.
1087 1707 1161 1746 Dt.
1193 1706 1425 1757 Augustae,
1462 1705 1537 1744 17.
1571 1705 1709 1756 fimas,
1750 1704 1903 1744 1236.

301 1801 569 1863 Fridericus
603 1819 670 1859 dei
698 1819 842 1874 gratia
875 1818 1157 1858 Romanorum
1195 1819 1423 1869 imperator
1455 1827 1623 1867 semper
1655 1819 1881 1870 augustus,
1913 1816 2045 1855 Jero-

174 1890 318 1930 solime
346 1893 388 1929 et
418 1888 564 1931 Sicilie
597 1899 691 1928 rex.
754 1888 842 1928 Per
874 1898 1055 1939 presens
1088 1887 1287 1938 scriptum
1319 1890 1456 1925 notum
1488 1884 1660 1924 facimus
1693 1885 1903 1924 uniuersis
1936 1884 2047 1937 quod

170 1971 247 1999 nos
266 1958 433 1998 dilectis
458 1958 718 2010 principibus
737 1957 895 1997 nostris
923 1956 1190 2010 subscriptis⁷
1213 1954 1413 1995 uidelicet
1430 1954 1580 1994 illustri
1613 1955 1677 1993 W.
1701 1955 1815 2005 Rem·
1839 1953 2047 1993 Bohemie

172 2027 322 2067 dilecto
362 2027 485 2080 affini
514 2029 673 2078 nostro,
720 2026 772 2066 Ε.
804 2025 1183 2079 Babenbergensi7
1223 2024 1276 2063 R.
1309 2024 1548 2075 patauiensi
1582 2024 1809 2077 episcopis⁷
1858 2023 1907 2064 Ο.
1949 2023 2045 2063 duci

173 2097 371 2150 Bauarie,
406 2094 555 2137 Comiti
595 2096 778 2148 palatino
819 2096 931 2134 Reni
971 2098 1013 2134 et
1061 2094 1110 2134 Ο.
1143 2092 1385 2133 Mai-chioni
1419 2092 1833 2146 Bramlenburgensi
1876 2090 2044 2132 firmiter

171 2166 446 2219 promisimus,
479 2165 588 2217 quod
631 2177 721 2204 cum
754 2164 975 2204 Friderico
1009 2163 1116 2202 duce
1150 2163 1324 2202 Austrie
1365 2166 1407 2202 et
1438 2162 1583 2213 Styrie
1617 2166 1763 2201 contra
1796 2173 1874 2201 nos
1907 2161 2043 2201 hono-

173 2246 260 2275 rem
293 2237 336 2274 et
359 2234 610 2288 dignitatem
642 2236 824 2273 nostram
851 2237 893 2273 et
925 2233 1086 2284 imperii
1113 2232 1268 2286 grauia
1295 2232 1414 2271 nimis
1441 2236 1482 2270 et
1506 2232 1646 2270 illicita
1672 2231 1882 2284 moliente,
1907 2231 2043 2270 nullas

172 2308 354 2359 treogas
387 2314 533 2355 pacem
557 2303 626 2342 uel
659 2303 924 2342 concordiam
957 2300 1160 2342 faciemus
1185 2304 1332 2341 contra
1367 2302 1547 2351 ipsorum
1576 2300 1828 2340 uoluntatem
1862 2303 1904 2338 et
1937 2311 2042 2338 con-

173 2385 342 2415 sensum
372 2375 417 2413 ·et
449 2372 558 2424 quod
591 2372 655 2412 eis
687 2375 834 2411 contra
868 2372 998 2423 ipsum
1031 2374 1074 2411 et
1106 2381 1250 2410 omnes
1291 2382 1392 2410 suos
1425 2368 1627 2423 fautores7
1669 2366 1896 2408 efficaciter
1928 2370 2042 2408 assi-

174 2447 343 2497 stemus,
377 2445 420 2482 et
443 2441 578 2494 siquid
613 2441 876 2496 grauaminis
900 2440 1023 2480 (lictis
1058 2440 1213 2479 nostris
1242 2439 1500 2491 principibus
1526 2451 1550 2477 a
1574 2449 1823 2490 quacunque
1857 2449 2040 2489 persona

176 2512 242 2551 uel
267 2522 516 2564 quocunque
543 2521 646 2551 casu
669 2510 887 2568 accideret
913 2522 987 2561 pro
1011 2509 1091 2549 hoc
1114 2507 1225 2548 facto
1255 2520 1331 2548 nos
1359 2520 1435 2547 eos
1460 2508 1703 2562 iuuabimus‚
1723 2508 1831 2547 sicut
1858 2510 2040 2546 nostram
