2212 2876
1037 77 1244 140 291¹„-

149 221 450 273 relinquentes.
483 223 527 261 ut
566 231 641 272 pro
675 219 755 259 hiis
796 222 839 258 et
871 219 965 259 aliis
1006 219 1139 271 culpis
1172 219 1362 259 homines
1403 230 1504 259 suos
1538 231 1647 271 pena
1686 220 1826 260 debita
1868 221 2024 272 puniat.

148 291 189 331 in
223 302 326 331 usus
365 290 607 330 monasterii
641 288 835 341 quicquid
878 300 935 328 ex
974 289 1096 340 culpa
1136 289 1384 340 prouenerit
1424 289 1727 329 conuerteudo.
1791 291 1848 332 Ut
1888 294 2026 330 autem

147 364 294 400 nostra
328 360 532 400 relaxatio
568 362 609 397 et
642 358 880 398 constitutio
921 358 1051 398 robur
1084 359 1271 398 obtineat
1302 359 1508 398 ueritatis.
1549 362 1790 409 presentem
1822 361 2025 414 paginam

146 429 325 469 testibus
358 429 610 479 subscriptis
643 428 776 466 nostri
818 428 950 482 sigilli
984 431 1208 468 caractere
1248 426 1422 467 fecimus
1455 429 1720 481 consignari.
1788 429 1895 468 Acta
1927 432 2025 469 sunt

147 502 284 539 autem
318 499 397 538 hec
423 510 562 537 coram
595 498 753 537 nostris
780 495 971 537 fidelibus
1004 497 1215 537 uidelicet.
1246 496 1460 537 XVitkone
1486 497 1655 549 antiquo
1682 495 1762 536 filio
1787 497 2023 538 VVitkonis.

146 567 287 608 VVata
319 567 647 607 subcamerario.
692 570 734 606 et
766 567 954 606 Bouzlao
994 564 1127 606 fratre
1162 567 1267 606 eius.
1301 567 1515 607 Zbrazlao
1557 567 1854 618 subpincerna.
1888 567 2023 606 Zlau-

145 636 269 676 nicho
310 634 596 688 subdapifero.
630 636 802 675 Drislao
844 636 1094 675 marsalcho.
1136 636 1262 676 Jurik
1296 647 1497 675 noscone.
1538 636 1667 676 Petro
1708 636 1890 676 milliozti
1929 634 2023 676 filio.

90 701 94 706 ”
144 706 395 747 Ztrezimiro
436 706 571 745 caluo.
613 705 764 746 Milata
803 705 856 745 de
902 706 1114 746 Morauia.
1159 706 1391 745 Daleborio
1442 704 1523 747 filio
1566 705 1784 745 daleborii.
1825 704 2023 756 Voyzlao

145 775 351 815 canonico
386 775 438 815 de
472 774 633 815 Zaska.
666 774 883 829 Magistro
913 774 1091 814 abdone.
1125 774 1254 815 Petro
1283 776 1502 827 capellano
1536 775 1589 815 de
1623 775 1818 814 nebauic.
1853 778 1896 814 et
1929 775 2022 815 aliis

145 845 293 885 multis.
342 845 494 885 Datum
528 856 639 884 anuo
674 844 878 884 dominice
911 845 1216 886 incarnationis
1248 845 1310 885 Μ.
1336 843 1428 886 CC.
1453 845 1555 886 XX.
1587 845 1707 884 VIII.
1741 847 2023 884 concurrente

147 915 223 955 VI.
256 915 404 970 Regni
437 915 570 954 nostri
605 926 714 954 anno
748 915 892 966 primo.
924 915 1074 954 Amen.

458 1032 488 1064 E
510 1031 637 1063 duobus
662 1032 944 1073 originalibus
970 1031 1117 1073 ejusdem
1136 1034 1338 1075 monasterii⁷
1359 1043 1493 1074 quorum
1515 1033 1649 1073 primum
1668 1042 1738 1064 cum
1759 1031 1885 1063 duobus
1905 1031 2024 1074 sigillis

562 1085 721 1124 appensis
758 1085 789 1115 in
818 1086 1040 1126 registi-atara
1075 1094 1104 1116 c.
1132 1095 1160 1117 r,
1191 1083 1387 1117 Guberni'i
1419 1084 1645 1128 Moravici,
1676 1084 1812 1116 alterum
1848 1085 1880 1115 in
1908 1093 2022 1116 museo

560 1135 770 1167 adservatur.

838 1361 857 1376 .<
883 1296 905 1319 “·
935 1311 1226 1355 ccxxxix.

147 1418 407 1471 Constantia,
448 1419 600 1470 reye'na
630 1418 905 1470 Boemorum,
949 1419 1156 1458 civilatem
1188 1418 1394 1471 Hodonjn
1427 1417 1647 1471 (Go'din-q)
1688 1416 1919 1457 secundum
1940 1417 2020 1469 jus

305 1489 630 1529 Teueomcormn
663 1488 787 1540 locat,
820 1489 940 1540 eique
960 1489 1069 1542 jura
1103 1491 1142 1527 et
1171 1487 1380 1528 libertates
1413 1489 1633 1540 (Ἰανῃὶίιιν.
1703 1486 1855 1527 1228.

275 1580 597 1652 Comstantia]
620 1601 689 1640 (lei
713 1601 866 1655 gracia
892 1600 1169 1641 Bollemorum
1193 1601 1384 1655 Regina7
1407 1601 1620 1640 vuiuersis
1641 1598 1801 1641 Christi
1828 1598 2019 1639 fidelibus

142 1675 384 1724 presentem
416 1672 618 1726 paginam
653 1672 908 1722 inspecturis
942 1671 1117 1711 salutem
1150 1671 1189 1710 in
1225 1683 1329 1712 vero
1363 1670 1574 1710 salutari.-
1606 1669 1755 1711 Sciant
1794 1673 2019 1721 presentes

143 1744 187 1781 et
228 1742 404 1795 posteri7
453 1740 563 1792 quod
607 1752 696 1779 cum
737 1741 916 1780 villicum
957 1745 1141 1780 nostrum
1182 1740 1350 1780 Petrum
1390 1738 1507 1780 sures
1551 1742 1593 1779 et
1630 1740 1818 1779 latrones
1870 1743 1911 1779 et
1950 1739 2020 1778 alii

142 1808 319 1850 malefici
370 1808 688 1850 interfecissent
736 1810 776 1849 in
819 1808 1043 1861 Gode'wyen
1083 1821 1213 1861 super
1260 1810 1415 1864 regale
1464 1810 1673 1861 ciuileque
1721 1810 1785 1848 ius
1833 1812 2018 1848 nostrum

144 1881 471 1919 conuocauimus
513 1880 631 1919 viros
665 1879 869 1918 honestos
908 1879 1212 1933 Theutonicos‚
1254 1883 1296 1919 et
1327 1879 1555 1919 locauimus
1596 1880 1637 1918 in
1670 1879 1840 1918 ciuitate
1875 1881 2020 1918 nostra

144 1949 215 1988 tali
250 1949 365 1988 iure:
402 1952 446 1989 vt
486 1949 582 1988 nulli
618 1949 795 1988 dominio
836 1948 988 1987 subditi
1024 1952 1184 2004 essent,
1227 1959 1307 1988 nec
1340 1949 1410 1987 ulli
1444 1949 1670 2002 seruirent7
1710 1948 1788 1987 nisi
1822 1947 1942 1987 michi
1978 1950 2020 1987 et

144 2016 237 2057 filiis
270 2019 385 2058 meis.
449 2019 550 2058 Item
583 2018 708 2058 talem
740 2021 989 2069 potestatem
1024 2019 1086 2057 eis
1130 2020 1251 2058 etiam
1283 2016 1542 2071 tradidimus7
1577 2017 1684 2069 quod
1719 2018 1855 2056 nullus
1890 2016 2019 2056 iudex

143 2087 427 2128 dominaretur
452 2088 529 2142 eis,
563 2088 641 2127 nisi
671 2099 790 2139 quem
824 2088 903 2139 ipsi
931 2088 1165 2127 voluntarie
1200 2088 1427 2142 eligerent.
1475 2088 1530 2127 Et
1561 2087 1642 2126 hec
1676 2088 1765 2127 iura
1800 2086 2018 2125 censualia

143 2160 240 2196 sunt
271 2157 404 2196 XXX
438 2157 600 2196 denarii
644 2157 696 2197 de
729 2158 867 2211 laneo,
909 2157 960 2196 de
994 2157 1168 2196 subside
1209 2168 1360 2210 agrum
1395 2156 1577 2196 habente
1620 2157 1705 2196 XII
1746 2157 1921 2211 denarii7
1959 2141 2016 2196 He

142 2226 316 2266 subside
350 2238 462 2281 agro
496 2231 670 2266 carente
704 2227 780 2266 VI.
847 2226 1096 2278 Quicunque
1137 2226 1388 2269 braxauerit
1421 2226 1660 2279 ctu-uisiam7
1700 2226 1787 2266 XII
1822 2226 1874 2265 (le
1909 2238 2016 2278 qua-

142 2296 244 2335 libet
276 2296 541 2335 braxatione.
605 2296 653 2335 In
686 2296 756 2335 lite
797 2308 888 2336 cum
920 2296 1070 2348 aliquis
1104 2307 1152 2335 se
1187 2293 1453 2334 defendendo
1487 2294 1688 2349 affugerit
1721 2295 1773 2334 ad
1807 2297 2016 2347 propriam

143 2365 316 2419 donum]7
350 2366 386 2404 si
419 2366 595 2416 aliquem
630 2365 844 2420 occiderit7
878 2369 1045 2405 tenetur
1077 2368 1260 2404 mortuus
1293 2366 1415 2404 talem
1459 2365 1618 2416 culpam
1652 2365 1833 2404 soluere.
1897 2363 2014 2405 Infra

142 2435 315 2473 Rastam
348 2446 469 2473 unam
504 2435 638 2473 nullus
670 2438 883 2486 presumat
915 2435 1166 2475 cereuisiam
1192 2435 1393 2488 braxare.)
1429 2439 1469 2474 et
1502 2435 1536 2473 si
1572 2435 1663 2486 quis
1697 2435 2012 2489 presumpserit,

140 2504 405 2544 abiudicatus
445 2508 511 2544 est
550 2504 671 2544 bonis
712 2505 800 2545 suis
841 2508 883 2545 et
924 2505 1030 2545 collo
1074 2517 1163 2545 suo,
1226 2505 1314 2546 Fur
1356 2505 1447 2544 siue
1487 2502 1699 2559 falsarius,
1740 2505 1776 2544 si
1816 2505 2012 2545 inuentus
