2212 2876
997 81 1096 122 105

109 225 364 277 sollempnes
396 235 603 277 processu
626 225 825 276 temporis
858 227 902 264 et
933 224 1084 264 malitia
1109 236 1404 265 successorum
1437 226 1641 266 inmutari.
1677 237 1757 277 que
1790 226 1979 280 legitimo

108 295 344 334 testimonio
377 294 597 345 proborum
619 293 825 333 hominum
858 304 939 345 que
970 294 1173 348 sigillatis
1201 294 1334 333 literis
1367 305 1451 333 non
1477 294 1745 334 inueniuntur
1767 295 1979 334 roborata.

107 362 177 403 Ad
216 364 407 403 noticiam
456 364 590 418 igitur
627 363 894 417 singulorum
939 366 1020 402 tam
1062 363 1318 414 presentium
1357 373 1478 414 quam
1524 361 1752 402 futurorum
1793 365 1980 414 cupimus

107 433 347 484 peruenire.
382 432 490 484 quod
517 443 595 471 nos
629 443 719 471 cum
753 432 906 471 dilecta
938 433 1126 486 coniuge
1151 436 1297 471 nostra
1332 431 1593 472 Constancia
1625 432 1773 471 illustri
1807 432 1980 472 boemo-

106 512 195 540 rum
243 501 414 555 regina.
465 500 788 540 considerantes
838 499 1077 540 fidelitatem
1126 504 1169 540 et
1217 501 1373 540 devota
1421 501 1625 552 obsequia
1667 498 1801 540 fidelis
1848 502 1979 542 nostri

110 568 320 622 Stephani
351 569 575 621 burqrauii
607 569 658 609 de
679 570 885 610 Micolau.
910 581 991 621 que
1024 570 1144 609 nobis
1172 573 1214 609 et
1246 567 1365 609 fratri
1397 574 1541 609 nostro
1576 570 1980 610 illustri‘marchioni

109 639 295 679 morauie
336 637 514 679 fideliter
547 639 708 678 exibuit
749 643 792 679 et
824 638 980 678 exibet.
1022 639 1256 678 libertatem
1290 650 1411 689 quam
1451 639 1489 677 ei
1523 637 1656 677 frater
1697 642 1844 678 noster
1876 650 1980 690 pre—

107 706 244 747 dictus
261 708 447 748 marchio
466 709 608 747 tamin
629 708 783 747 metlau
816 699 936 759 quam
960 709 1001 747 in
1019 708 1112 748 aliis
1131 708 1327 748 *omnibus
1354 707 1662 746 hereditatibus
1681 719 1757 759 per
1782 709 1976 762 graciam

107 776 281 817 donauit
321 778 411 816 iure
458 777 713 816 hereditario
754 777 793 816 ei
833 780 875 816 et
922 777 1013 816 eius
1053 777 1283 816 heredibus
1332 776 1630 827 possidendam
1680 788 1757 827 per
1795 780 1981 816 nostram

106 844 471 900 magnificenciam
513 850 556 885 et
593 843 736 885 fratris
785 846 917 884 nostri
958 846 1222 885 donationem
1270 845 1502 884 liberaliter
1543 843 1831 884 confirmamus
1872 847 1981 885 idem

106 915 171 954 ius
205 915 314 968 quod
347 914 480 954 frater
511 918 658 954 noster
691 915 730 953 ei
764 914 878 953 dedit
911 914 1183 953 concedendo
1217 914 1297 954 hoc
1330 914 1529 953 uidelicet
1563 915 1626 952 ius
1661 915 1768 965 quod
1805 916 1844 953 in
1878 926 1980 966 pre-

107 983 230 1023 dictis
271 984 577 1023 hereditatibus
625 983 761 1022 nullus
805 984 1050 1022 camerariis
1094 987 1235 1034 pateat
1284 984 1474 1022 introitus
1524 994 1604 1022 nec
1648 984 1776 1022 Xllll
1825 985 1893 1034 qui
1938 984 1981 1023 in

106 1054 243 1104 patria
277 1053 535 1107 colliguntur
566 1053 607 1091 in
644 1053 707 1091 eis
734 1052 993 1106 colligantur
1024 1053 1100 1092 scd
1135 1064 1254 1091 omne
1280 1053 1472 1092 iudicium
1506 1064 1646 1091 coram
1679 1064 1756 1091 suo
1790 1051 1980 1104 prefecto

106 1121 270 1160 scilicet
308 1122 446 1161 uillico
488 1121 637 1161 domini
679 1121 888 1172 Stephani
920 1122 1064 1161 subire
1108 1121 1291 1160 debeant
1332 1125 1515 1172 excepto
1557 1121 1637 1161 hoc
1678 1122 1768 1160 solo
1802 1122 1910 1173 quod
1943 1122 1980 1161 si

106 1188 172 1230 sur
211 1191 319 1231 iuste
362 1202 452 1230 cum
504 1189 611 1230 l'urto
652 1190 983 1241 comprehensus
1030 1189 1154 1230 suerit
1198 1191 1323 1230 iudici
1362 1195 1478 1230 terre
1520 1194 1856 1241 reprezentetur.
1920 1191 1981 1231 Vt

106 1263 242 1299 autem
283 1259 363 1299 hec
402 1260 569 1300 donatio
604 1263 645 1299 et
685 1264 830 1298 nostra
871 1258 1135 1299 confirmacio
1178 1264 1270 1299 rata
1312 1263 1355 1299 et
1395 1260 1645 1299 inconuvlsa
1689 1264 1980 1311 perpetuaque

105 1328 262 1368 debeat
294 1339 556 1379 permanere.
592 1338 773 1379 presens
807 1329 1006 1379 scriptum
1031 1329 1267 1383 sigillorum
1303 1333 1538 1368 nostrorum
1572 1330 1815 1380 inpresione
1849 1330 1980 1370 robo-

107 1402 237 1437 ratum
270 1399 309 1437 ei
343 1399 384 1437 in
417 1399 693 1437 testimonium
725 1396 899 1436 fecimus
933 1398 1112 1437 exiberi.
1176 1398 1224 1439 Si
1259 1400 1351 1450 quis
1384 1410 1488 1437 uero
1523 1398 1602 1437 hoc
1635 1402 1715 1437 tam
1749 1399 1979 1450 sollempne

104 1465 257 1507 factum
298 1471 340 1507 et
372 1471 517 1506 nostre
556 1465 871 1520 magnificentie
906 1467 1168 1506 donationem
1210 1480 1315 1506 ausu
1357 1468 1578 1507 temerario
1618 1468 1893 1518 presumserit
1926 1468 1980 1508 de

104 1537 351 1575 camerariis
378 1536 447 1575 uel
480 1535 532 1575 de
557 1536 651 1574 aliis
686 1536 938 1586 quibuslibet
967 1535 1200 1575 hominibus
1234 1537 1372 1588 aliquo
1398 1548 1503 1575 casu
1537 1537 1738 1575 inmutare
1762 1541 1980 1577 trecentas

108 1616 274 1644 marcas
306 1604 527 1655 ponderati
563 1604 736 1657 argenti
769 1604 810 1642 in
843 1615 1052 1643 cameram
1086 1606 1209 1659 regis
1246 1617 1318 1656 pro
1353 1616 1464 1656 pena
1497 1606 1680 1656 inponat.
1737 1606 1849 1644 Acta
1883 1610 1980 1645 sunt

104 1670 190 1713 hec
231 1673 433 1712 dominice
475 1673 779 1712 incarnationis
820 1672 880 1712 M.
922 1671 1012 1713 CC.
1055 1674 1218 1713 Vlllx.
1261 1674 1315 1713 V.
1354 1674 1576 1713 Kalendas
1616 1674 1736 1713 Maii.
1777 1681 1979 1725 presente

105 1741 386 1783 RUPER'N)
419 1741 652 1781 uenerabili
688 1741 978 1781 olomucensis
1012 1743 1198 1782 ecclesie
1232 1743 1523 1794 episcopo.‚et
1554 1743 1680 1782 nobili
1712 1744 1803 1782 uiro
1828 1743 1979 1783 Leone

110 1811 344 1850 camerario
369 1810 626 1850 brunnensis
653 1811 883 1862 prouincie.
911 1815 953 1850 et
975 1811 1209 1851 Ratiborio.
1234 1812 1446 1851 'l'aszone.
1468 1812 1624 1852 Boslao
1651 1823 1741 1851 cum
1765 1810 1977 1852 fratribus.

106 1882 150 1920 et
187 1879 281 1919 aliis
324 1891 444 1932 quam
490 1880 675 1931 plurimis
722 1880 825 1919 uiris
868 1880 1076 1919 honestis.
1116 1881 1351 1935 Regnante
1398 1882 1439 1920 in
1488 1881 1651 1920 boemia
1693 1880 1978 1922 O'PACARO

109 1947 241 2003 Rege
274 1947 432 1988 famoso
466 1961 576 1988 anino
611 1960 714 1989 vero
748 1949 876 2003 regni
916 1951 979 1989 sui
1014 1950 1113 1990 VX.
1147 1951 1215 2002 qui
1256 1950 1380 1989 etiam
1412 1949 1676 1990 donationem
1710 1954 1977 2000 pretaxatam

110 2028 193 2057 non
235 2018 365 2057 solum
403 2021 613 2069 potestate
654 2019 782 2072 regia
827 2029 973 2057 verum
1013 2020 1135 2058 etiam
1188 2018 1588 2059 consuedunenaria
1629 2019 1764 2058 tocius
1814 2019 1977 2059 boemie

106 2086 245 2126 isticia
278 2084 547 2126 confirmauit.
581 2087 847 2127 excludendo
881 2087 1104 2127 cuiuslibet
1135 2088 1374 2139 scrupulum
1406 2088 1685 2139 exceptionis.

415 2202 471 2235 Ex
495 2204 688 2246 originali
711 2205 742 2236 in
766 2205 857 2236 curia
879 2205 1089 2236 Brunensi
1113 2205 1234 2236 scrinio
1257 2204 1290 2236 J.

1594 2577 1661 2617 14
