2212 2876
1038 93 1143 136 327

150 235 357 275 ueniendo
388 236 459 276 uel
489 235 591 276 alibi
621 237 855 289 notificetur
888 237 1017 276 curie.
1071 237 1177 277 Item
1209 237 1377 289 quando
1410 238 1564 289 aliquis
1595 238 1748 279 nobilis
1782 242 1946 292 capitur
1979 243 2023 282 in

147 305 265 357 s‘urto
298 307 337 344 et
366 305 636 357 suspenditur
675 307 714 344 et
742 317 828 344 non
859 304 982 344 habet
1007 306 1172 358 prolem
1203 305 1415 345 hereditas
1456 307 1592 358 ipsius
1623 309 1718 359 reqi
1750 309 1880 349 cedat.
1914 314 1952 350 et
1982 313 2021 351 si

150 373 304 425 aliquis
337 375 501 426 eapitur
533 375 577 413 in
608 374 832 426 manifesto
861 374 979 426 furto
1011 385 1128 413 uxor
1161 376 1252 414 eius
1285 367 1438 414 habeat
1468 377 1641 415 terciam
1670 379 1847 429 partem.
1911 379 2020 429 Qui-

151 454 314 493 cunque
350 442 517 482 nobilis.
549 443 620 482 uel
656 444 842 482 rusticus
884 443 1088 482 occiderit
1124 444 1316 495 aliquem.
1357 443 1437 485 00
1474 444 1674 484 denarios
1715 447 1855 485 soluat
1874 432 2020 487 curie.

150 513 189 550 et
218 512 329 550 alias
362 511 534 552 recedat
563 515 602 550 ct
622 515 769 563 querat
787 499 995 562 ,mai-iam.
1029 514 1068 550 et
1089 524 1206 551 uxor
1239 525 1318 552 sua
1344 513 1388 552 in
1408 526 1517 565 pace
1545 513 1690 554 sedeat
1711 517 1750 553 et
1771 515 2021 568 indempnis.

150 579 205 620 Si
236 581 330 631 quis
367 591 453 619 non
485 566 679 624 habuerit
712 581 826 633 filios
857 581 928 620 uel
962 581 1098 633 filium
1137 584 1175 620 et
1209 582 1324 634 litias
1365 581 1560 622 habuerit
1594 582 1653 622 ad
1689 583 1788 623 illas
1829 584 2025 626 deueniat

150 647 365 688 hereditas
393 649 607 700 equaliter.
632 652 670 687 et
690 650 729 688 si
747 660 831 688 non
849 649 1023 702 suerint.
1046 649 1259 689 hereditas
1285 650 1480 690 deueniat
1502 650 1561 690 ad
1579 653 1805 703 prooeimos
1832 652 2021 693 heredes.

149 715 204 757 Si
236 717 366 756 alicui
397 717 698 757 subtrahuntur
721 718 902 757 iumenta
935 721 1008 757 ant
1034 718 1190 770 famuli
1211 731 1313 770 apes
1342 719 1545 771 fhzrantur
1577 719 1696 760 debet
1731 721 1873 761 subire
1904 723 2019 762 iudi-

153 785 264 824 cium
302 786 417 838 ferri
455 787 619 825 scilicet
653 798 857 826 vomeres.
920 787 1104 839 Insuper
1149 787 1189 826 si
1227 789 1319 839 quis
1357 788 1562 839 spoliatus
1600 790 1736 842 fuerit
1770 803 1848 842 per
1886 791 2020 844 wiboy

149 854 314 893 incuset
343 867 447 907 quos
478 856 576 901 cult.
611 845 732 914 etde
763 855 934 895 hir-dozt
960 857 1146 895 nominet
1175 868 1278 907 quos
1310 857 1399 896 vult
1429 860 1468 896 et
1498 858 1665 909 antique
1697 860 2018 900 consuetudines

150 926 466 963 conseruentur.
528 910 731 980 Quisquis
775 924 1008 964 theloneum
1053 926 1350 977 pertransierit
1387 938 1412 964 a
1453 925 1686 966 thelonario
1728 927 1895 968 licentia
1935 941 2020 968 non

149 990 310 1032 obtenta
341 1004 473 1044 neque
495 992 686 1038 thelonco
714 993 930 1046 persoluto
952 1005 1037 1033 non
1070 994 1191 1033 aliter
1218 995 1420 1046 puniatur
1453 996 1539 1034 nisi
1563 996 1629 1034 ius
1662 995 1842 1036 thelonei
1873 997 2018 1050 dupli-

150 1061 269 1100 cabit.
302 1064 342 1101 et
360 1065 500 1114 preter
532 1061 612 1101 hoc
635 1073 718 1114 pro
746 1074 857 1114 pena
882 1063 1018 1102 soluet
1041 1062 1135 1102 LX
1161 1062 1373 1102 denarios.
1422 1062 1477 1104 ›S'i
1501 1065 1595 1115 quis
1624 1076 1772 1116 equum
1796 1067 2019 1118 proprium

152 1142 325 1170 currum
357 1131 538 1181 aliquem
571 1130 799 1170 trahentem
832 1132 1138 1183 recoynouerit.
1171 1143 1255 1171 non
1283 1132 1384 1184 plus
1417 1145 1541 1184 quam
1572 1133 1664 1174 LX
1695 1133 1907 1174 denarios.
1936 1147 2020 1188 pro

149 1211 282 1239 curru
313 1202 353 1238 et
374 1199 499 1239 rebus
531 1201 576 1239 in
607 1211 655 1239 co
681 1199 955 1240 existentibus
987 1200 1120 1240 iudici
1148 1201 1378 1252 persoluat.
1424 1201 1529 1241 Item
1560 1202 1694 1254 siquis
1726 1215 1874 1255 equum
1907 1204 2022 1256 apud

149 1268 331 1320 aliquem
363 1269 572 1307 inuenerit
607 1269 884 1321 rzdncratum.
916 1281 1001 1308 non
1040 1281 1190 1320 equum
1221 1269 1413 1309 vendicet
1442 1270 1522 1310 sibi
1559 1270 1706 1310 iudeoe.
1739 1273 1825 1312 nisi
1856 1273 2018 1312 solum-

147 1337 271 1376 modo
310 1337 404 1378 LX
439 1336 629 1376 denariis
668 1328 723 1376 sit
761 1341 987 1377 contentus.
1051 1338 1155 1378 Item
1196 1339 1329 1390 siquis
1369 1340 1518 1379 citatus
1553 1340 1689 1392 fuerit
1724 1343 1763 1379 et
1800 1340 2022 1381 obtinuerit

148 1408 215 1445 ius
239 1418 363 1445 suum
384 1407 428 1445 in
452 1406 610 1445 iudicio
632 1418 763 1457 neque
788 1419 901 1445 iere-z·
924 1419 1056 1459 neque
1074 1407 1278 1459 pohonce.
1302 1407 1380 1447 sed
1402 1408 1664 1449 solummodo
1683 1409 1884 1450 denarios
1911 1410 2017 1450 duos

146 1474 375 1527 persoluat.
415 1474 529 1526 quod
567 1485 771 1526 pomocne
809 1476 1042 1526 rulqariter
1081 1477 1331 1528 appellat-ur.
1395 1477 1499 1516 Item
1539 1477 1597 1518 ad
1636 1479 1865 1518 clamorem
1901 1491 2018 1519 com-

147 1555 313 1582 munem
352 1545 424 1595 qui
455 1545 627 1582 nestoite
667 1545 901 1595 rulyariter
941 1546 1181 1584 nominatur
1220 1545 1364 1584 nullus
1405 1558 1581 1585 currere
1620 1550 1806 1586 teneatur
1844 1538 1929 1587 nisi
1969 1548 2021 1588 dc

145 1613 325 1664 propria
356 1612 568 1652 voluntate
609 1612 689 1651 hoc
719 1613 867 1665 facere
909 1613 1100 1652 voluerit.
1167 1614 1266 1653 Item
1307 1615 1346 1654 si
1378 1616 1471 1666 quis
1512 1628 1640 1667 super
1672 1615 1798 1655 rebus
1828 1618 2019 1669 propriis

145 1680 366 1720 mobilibus
400 1682 491 1720 siue
524 1681 801 1720 immobilibus
834 1683 878 1720 in.
910 1682 1068 1721 iudicio
1102 1684 1361 1721 conuertitur.
1396 1684 1540 1723 eadem
1573 1683 1680 1723 bona
1713 1682 1767 1724 de
1796 1684 1944 1737 quibus
1974 1686 2022 1738 fit

148 1750 308 1802 questio
346 1749 651 1801 nequeiudex
689 1762 822 1802 neque
861 1750 1021 1790 domini
1052 1753 1162 1791 terre
1200 1752 1370 1792 rillieus
1403 1751 1483 1792 sibi
1524 1753 1714 1792 vendicet
1745 1754 2018 1806 possidenda.

148 1817 227 1857 sed
256 1817 367 1857 idem
399 1819 470 1869 qui
493 1831 621 1870 super
654 1819 807 1858 eisdem
844 1818 963 1858 bonis
997 1822 1243 1860 conuenitur
1268 1821 1412 1860 eadem
1446 1820 1552 1861 bona
1582 1822 1761 1875 pacifice
1790 1823 2018 1875 possideat.

148 1886 281 1926 donec
314 1887 459 1926 eadem
490 1889 649 1939 questio
677 1900 757 1940 per
790 1889 1034 1928 sententiam
1067 1888 1298 1929 decidatur.
1352 1890 1454 1929 Item
1487 1892 1527 1929 si
1557 1892 1735 1942 vestiyia
1767 1893 1832 1930 rei
1858 1892 2020 1944 furtiue

148 1967 272 1995 secus
304 1956 488 2007 aliquam
511 1957 657 1996 villam
690 1956 956 2009 deperierint.
979 1957 1125 1997 eadem
1155 1959 1258 1998 ‘villa
1282 1959 1506 1998 occasione
1537 1959 1723 1999 eiusdem
1742 1960 1850 2012 furti
1873 1961 2018 2000 nulla-

151 2027 269 2073 tenus
291 2025 505 2076 puniatur.
552 2025 760 2065 Preterea
786 2027 930 2066 nullus
955 2027 1007 2066 de
1033 2027 1120 2066 illis
1143 2028 1214 2079 qui
1236 2027 1475 2066 custodiunt
1500 2028 1666 2067 siluam.
1694 2027 1812 2067 debet
1831 2029 2019 2081 spoliare

150 2093 329 2144 aliquem
361 2093 405 2132 in
436 2094 508 2133 uia
540 2094 610 2133 uel
641 2095 685 2133 in
713 2095 827 2147 foro.
859 2096 945 2135 nisi
977 2099 1073 2134 tune
1106 2096 1225 2135 illum
1257 2096 1408 2148 spoliet
1437 2096 1604 2148 quando
1635 2098 1796 2136 inuenit
1824 2097 2019 2138 arborem

152 2164 372 2201 secantem.
435 2161 507 2202 Ad
551 2161 630 2201 hoc
677 2163 812 2203 iude-z·
856 2175 1067 2216 nunquam
1108 2164 1265 2203 iudicet
1308 2165 1351 2203 in
1391 2164 1510 2206 000
1554 2165 1744 2206 denariis
1784 2167 1870 2206 nisi
1916 2167 2017 2207 LX.

155 2230 332 2281 Insuper
363 2241 576 2281 nunquam
615 2230 762 2270 iudeoe.
795 2231 914 2271 debet
950 2233 1143 2272 iudicare
1175 2233 1292 2272 solus
1330 2234 1416 2273 nisi
1451 2237 1646 2286 presente
1685 2236 1916 2275 castellano
1948 2239 2022 2276 aut

151 2297 359 2349 aliquibus
389 2297 609 2338 nobilibus.
642 2303 681 2339 et
710 2301 877 2351 quando
909 2302 1078 2340 rillicus
1118 2302 1288 2341 iudicat.
1320 2314 1405 2341 non
1437 2303 1555 2342 debet
1584 2305 1647 2342 ire
1679 2304 1737 2343 ad
1768 2305 2018 2356 capiendum

151 2366 373 2406 consilium
406 2366 458 2406 de
479 2367 637 2407 iudicio
669 2368 747 2408 scd
769 2369 927 2409 iudicet
956 2370 1106 2408 sedens
1140 2383 1232 2410 cum
1265 2370 1476 2411 militibus.
1524 2372 1628 2411 Item
1658 2373 1825 2424 quando
1857 2376 2017 2425 tempus

149 2438 213 2474 cst
240 2436 305 2483 ire
343 2434 402 2474 ad
431 2435 717 2476 iudicandum.
759 2441 798 2476 et
835 2450 977 2477 omnes
1017 2441 1124 2478 sunt.
1166 2441 1205 2478 et
1233 2440 1402 2479 rillicus
1440 2452 1525 2480 non
1561 2441 1652 2481 vult
1686 2442 1841 2480 venire.
1882 2441 2016 2481 iudea:

149 2503 305 2543 iudicet
343 2516 436 2544 cum
481 2505 694 2545 militibus.
743 2510 782 2546 et
824 2507 876 2546 dc
915 2520 1038 2547 mane
1076 2520 1240 2561 semper
1287 2512 1325 2548 et
1368 2521 1581 2562 nunquam
1627 2509 1753 2553 hora,
1774 2511 2015 2563 uespertina
