2212 2876
1080 84 1149 124 46

179 232 250 268 aut
282 228 510 279 sumptibus
551 227 686 267 colitis
727 229 809 266 tam
850 226 902 266 de
941 227 1068 266 terris
1109 227 1245 281 cultis,
1279 238 1399 278 quam
1432 226 1610 281 incultis,
1650 226 1741 266 siue
1775 226 1827 266 de
1869 227 1970 266 ortis
2012 230 2054 267 et

179 298 380 352 virgultis
414 300 456 336 et
497 296 810 348 piscacionibus
842 297 999 335 uestris
1039 297 1109 336 vel
1150 296 1202 336 de
1242 296 1503 335 nutrimentis
1543 295 1774 335 animalium
1815 300 2054 336 vestrorum

178 367 313 407 nullus
348 379 372 406 a
405 367 528 406 vobis
563 366 746 405 decimas
780 366 966 420 exigere
1007 365 1078 405 vel
1112 369 1370 416 extorquere
1411 368 1638 415 presumat.
1701 365 1855 405 Liceat
1887 375 2052 417 quoque

177 437 301 477 vobis
336 437 515 475 clericos
556 436 626 474 vel
657 435 790 474 laicos
830 435 988 474 liberos
1022 439 1064 475 et
1102 435 1319 474 absolutos
1353 445 1377 473 e
1420 434 1566 473 seculo
1600 432 1819 488 fugientes
1860 434 1913 474 ad
1947 445 2053 474 cou-

176 506 415 545 uersionem
441 506 635 556 recipere
664 507 705 543 et
731 515 807 543 eos
832 504 994 555 absque
1019 503 1359 543 contradiccione
1385 503 1523 555 aliqua
1541 504 1740 542 retinere.
1774 503 2053 543 Prohibemus

180 563 377 625 insuper,
400 578 443 614 ut
476 574 573 613 nulli
606 571 779 612 fratrum
822 577 1057 625 vestrorum
1090 576 1185 624 post
1217 570 1369 611 factam
1403 573 1444 611 in
1486 573 1740 612 monasterio
1774 576 1917 612 nostro
1951 584 2053 624 pro-

177 641 404 683 fessionem
452 640 518 681 fas
567 643 622 681 sit
666 643 758 681 sine
807 642 974 681 abbatis
1023 643 1087 681 sui
1135 642 1314 681 licencia
1365 641 1417 680 de
1470 641 1616 680 eodem
1664 641 1756 681 loco
1804 641 2053 695 discedere3

178 712 463 752 discedentem
506 722 609 750 vero
643 711 805 763 absque
839 711 1108 750 communium
1140 710 1371 749 litterarum
1406 714 1643 750 vestrarum
1676 711 1882 750 caucione
1915 710 2052 750 nullus

177 782 331 822 audeat
370 781 579 834 retinere,
621 780 730 832 quod
770 781 806 819 si
847 781 939 832 quis
979 781 1167 820 retinere
1207 781 1526 834 presumpserit,
1566 780 1718 819 licitum
1759 781 1882 819 vobis
1925 780 2053 819 sitin

175 852 292 902 ipsos
339 850 567 889 monachos
618 850 687 889 vel
737 861 971 889 conuersos
1011 850 1242 904 regulares
1289 850 1550 888 sentenciam
1600 849 1884 903 promulgare.
1947 848 2053 888 Illud

177 920 414 960 districcius
454 918 708 973 inhibenteS,
744 930 799 958 ne
839 922 979 958 terras
1020 930 1098 958 seu
1139 918 1354 970 quodlibet
1395 917 1641 958 beneficium
1685 917 1870 958 ecclesie
1904 922 2049 958 vestre

176 990 369 1029 collatum
417 989 544 1027 liceat
583 988 707 1027 alicui
754 988 1038 1039 personaliter
1079 987 1182 1027 (lare
1231 1001 1308 1028 seu
1351 990 1431 1028 alio
1479 989 1598 1028 modo
1649 989 1838 1028 alienare
1889 989 2052 1040 absque

177 1070 390 1098 consensu
432 1059 567 1097 tocius
610 1058 778 1109 capituli
825 1057 896 1096 vel
938 1057 1107 1096 maioris
1156 1062 1226 1097 aut
1268 1059 1450 1097 sanioris
1498 1059 1628 1109 partis
1672 1059 1817 1109 ipsius.
1881 1057 1929 1098 Si
1971 1068 2052 1109 que

176 1139 281 1168 vero
324 1127 582 1166 donaciones
623 1127 693 1166 vel
733 1127 1021 1166 alienaciones
1064 1127 1199 1181 aliter,
1248 1139 1369 1178 quam
1411 1127 1561 1166 dictum
1609 1132 1688 1181 est,
1733 1125 1843 1166 facte
1883 1125 2051 1180 fuerint,

177 1208 254 1236 eas
288 1197 428 1235 irritas
456 1207 555 1235 esse
589 1207 825 1235 censemus.
874 1195 943 1235 Ad
976 1195 1057 1234 hec
1092 1195 1224 1235 eciam
1257 1196 1526 1248 prohibemus
1552 1207 1605 1235 ne
1639 1197 1789 1248 aliquis
1823 1195 2052 1235 monachus

177 1266 269 1305 siue
310 1276 544 1304 conuersus
586 1265 664 1304 sub
705 1263 973 1316 professione
1014 1268 1160 1304 vestre
1202 1265 1344 1304 domus
1386 1267 1585 1305 astrictus
1628 1266 1720 1305 sine
1760 1277 1976 1305 consensu
2007 1267 2050 1304 et

175 1335 356 1374 licencia
388 1335 553 1374 abbatis
588 1338 630 1374 et
662 1335 829 1373 maioris
866 1335 1001 1385 partis
1036 1335 1167 1373 vestri
1214 1335 1384 1386 capituli
1417 1347 1492 1386 pro
1536 1336 1675 1387 aliquo
1710 1332 1947 1389 fideiubeat,
1981 1333 2052 1374 vel

176 1404 230 1443 ab
258 1404 395 1455 aliquo
430 1404 647 1455 pecuniam
675 1407 812 1443 mutuo
847 1404 1030 1454 accipiat
1062 1404 1170 1442 ultra
1193 1405 1378 1455 precium
1413 1405 1580 1455 capituli
1610 1405 1744 1444 vestri
1777 1404 2052 1455 prouidencia

176 1474 455 1527 constitutum,
490 1474 568 1512 nisi
595 1464 766 1524 propter
798 1470 1059 1513 manifestam
1080 1473 1227 1512 domus
1262 1477 1408 1513 vestre
1431 1474 1669 1527 vtilitate1n3
1703 1473 1812 1525 quod
1835 1474 1871 1512 si
1905 1471 2051 1512 facere

173 1544 489 1596 presumpserit,
538 1554 620 1581 non
668 1545 864 1581 teneatur
911 1546 1144 1582 conuentus
1193 1555 1268 1594 pro
1318 1542 1399 1582 hiis
1458 1543 1724 1594 aliquatenus
1772 1542 2050 1593 respondere.

174 1612 353 1652 Licitum
386 1616 586 1663 preterea
620 1613 674 1651 sit
707 1612 828 1651 vobis
862 1613 904 1651 in
938 1612 1080 1651 causis
1114 1613 1308 1665 propriis,
1350 1613 1442 1651 siue
1476 1612 1638 1651 ciuilem
1672 1613 1764 1651 siue
1798 1611 2050 1650 criminalem

173 1682 416 1721 contineant
458 1682 718 1733 questionem
758 1679 931 1720 fratrum
977 1685 1210 1720 vestrorum
1257 1682 1505 1720 testimoniis
1547 1682 1620 1734 vti,
1661 1693 1714 1720 ne
1756 1693 1832 1731 pro
1882 1679 2050 1720 defectu

176 1751 340 1790 testium
376 1752 440 1790 ius
474 1755 659 1790 vestrum
694 1751 735 1789 in
770 1751 908 1802 aliquo
943 1751 1086 1789 valeat
1120 1750 1330 1801 deperire.
1379 1751 1560 1801 Insuper
1592 1751 1841 1789 auctoritate
1875 1753 2049 1800 aposto-

174 1820 254 1859 lica
298 1820 545 1874 inhibemus,
588 1831 642 1859 ne
682 1820 788 1859 ullus
832 1821 1058 1871 episcopus
1099 1820 1167 1858 vel
1211 1819 1294 1858 alia
1340 1819 1524 1871 quelibet
1566 1830 1750 1870 persona
1791 1819 1843 1858 ad
1877 1818 2050 1858 sinodos

176 1890 246 1928 vel
279 1894 513 1928 conuentus
546 1887 741 1928 forenses
775 1901 855 1928 vos
889 1890 965 1943 ire,
998 1889 1069 1928 vel
1104 1888 1254 1927 iudicio
1288 1888 1473 1927 seculari
1508 1888 1560 1927 de
1602 1888 1770 1938 propria
1804 1887 2051 1926 substancia

177 1958 248 1998 vel
280 1959 626 2009 possessionibus
653 1959 810 1998 vestris
844 1959 1069 1997 subiacere
1095 1957 1328 2010 compellat,
1361 1968 1415 1996 ne
1449 1956 1502 1995 ad
1537 1957 1680 1996 domos
1714 1961 1884 1995 vestras
1918 1968 2050 1996 causa

177 2026 348 2066 ordines
382 2028 640 2082 celebrandi,
683 2039 838 2067 causas
871 2027 1094 2080 tractandi,
1135 2027 1204 2066 vel
1236 2030 1470 2066 conuentus
1511 2025 1684 2077 aliquos
1712 2026 1902 2077 publicos
1942 2037 2048 2065 con-

176 2096 355 2135 uocandi
381 2097 532 2135 venire
556 2100 780 2150 presumat,
806 2108 886 2135 nec
912 2097 1157 2150 regularem
1191 2096 1357 2136 abbatis
1386 2096 1519 2135 vestri
1553 2095 1810 2134 eleccionem
1838 2095 2048 2148 impediat,

177 2168 248 2203 aut
280 2165 332 2204 de
365 2165 617 2205 instituendo
641 2166 712 2206 vel
745 2166 998 2206 remouendo
1033 2177 1098 2220 eo,
1126 2166 1195 2218 qui
1229 2177 1303 2216 pro
1328 2168 1514 2216 tempore
1547 2163 1684 2219 suerit,
1710 2169 1859 2204 contra
1891 2167 2048 2205 statuta

180 2233 483 2274 Cisterciensis
509 2235 665 2274 ordinis
699 2247 747 2275 se
774 2236 1038 2286 aliquatenus
1073 2235 1325 2274 intromittat.
1376 2234 1425 2275 Si
1457 2245 1563 2274 vero
1591 2234 1829 2288 episcopus,
1857 2235 1900 2273 in
1927 2234 2046 2273 cuius

179 2302 379 2354 parochia
412 2303 556 2343 domus
589 2308 735 2344 vestra
767 2303 941 2344 fundata
966 2308 1045 2357 est,
1079 2315 1171 2343 cum
1204 2303 1431 2343 humilitate
1464 2314 1515 2342 ac
1542 2303 1791 2357 deuocione,
1826 2314 1907 2355 qua
1941 2313 2046 2341 con-

178 2372 305 2425 uenit,
340 2373 566 2424 requisitus
610 2373 870 2412 substitutum
911 2374 1106 2413 abbatem
1145 2372 1405 2412 benedicere
1445 2376 1487 2412 et
1526 2373 1621 2426 alia,
1662 2383 1743 2424 que
1777 2372 1830 2411 ad
1871 2370 2048 2410 officium

179 2441 420 2492 episcopale
460 2442 684 2495 pertinent,
726 2443 848 2482 vobis
882 2441 1079 2482 conferre
1121 2445 1334 2495 renueret,
1368 2441 1519 2480 licitum
1557 2442 1612 2480 sit
1645 2442 1780 2480 eidem
1819 2440 1974 2493 abbati,
2008 2440 2045 2479 si

178 2513 313 2549 tamen
336 2510 539 2550 sacerdos
571 2509 710 2565 fuerit,
735 2512 925 2563 proprios
959 2512 1147 2551 nouicios
1183 2511 1443 2551 benedicere
1468 2513 1510 2549 et
1542 2510 1637 2564 alia,
1671 2521 1752 2562 que
1786 2509 1840 2549 ad
1873 2507 2045 2548 officium
