2212 2876
1034 81 1142 124 258

155 232 410 273 monasterio
437 231 549 269 bona
575 226 678 267 suris
704 227 799 266 siue
824 226 886 265 rei
913 225 1184 283 integraliter
1202 228 1463 280 remaneant,
1486 225 1648 265 iudices
1675 229 1826 280 autem,
1855 237 2026 278 quorum

153 304 345 354 interest,
379 299 535 339 faciant
567 297 619 336 (le
654 307 718 349 eo,
753 294 861 346 quod
890 295 1038 334 iustum
1073 295 1136 333 eis
1171 294 1394 334 videbitur.
1444 294 1491 335 Si
1517 299 1654 334 autem
1686 295 1874 335 homines
1908 296 2024 335 eius-

154 371 246 411 dem
294 363 546 423 monasterii}
586 377 729 423 coram
775 363 982 403 iudicibus
1037 363 1269 414 culpabiles
1317 363 1597 416 inueniantur,
1644 374 1725 403 nec
1773 364 1894 403 uobis
1944 375 2024 404 nec

153 440 360 480 iudicibus
394 437 549 476 nostris
585 433 814 473 curialibus
846 433 913 472 uel
944 431 1226 471 beneficiariis
1260 433 1414 483 aliquid
1443 432 1539 471 inde
1570 433 1758 472 utilitatis
1792 435 2024 488 proueniat,

153 509 231 549 sed
272 507 381 559 apud
424 505 530 544 idem
564 503 783 543 cenobium
825 502 946 553 culpe
981 506 1232 553 perseueret
1272 499 1519 555 satisfactio,
1552 502 1633 540 nisi
1672 501 1714 540 in
1754 513 1820 553 eo,
1861 503 1905 541 in
1945 514 2024 554 quo

152 582 319 618 tenetur
351 572 602 615 satisfacere
636 584 712 612 suo
746 572 1008 611 aduersario.
1058 569 1257 612 Ceterum
1290 575 1332 610 ut
1366 570 1500 609 omnia
1525 570 1714 610 breuiter
1746 571 2025 622 comprehen-

154 648 312 699 damus,
353 655 510 684 omnem
558 642 788 694 utilitatem,
829 651 909 692 que
956 644 1122 691 spectat
1162 639 1212 678 ad
1264 651 1367 679 vsus
1407 643 1575 679 nostros
1621 640 1690 678 uel
1731 638 2026 680 beneficiarios

153 729 177 756 a
211 715 332 755 nobis
366 711 617 765 infeudatos,
652 711 714 749 eis
747 709 1004 762 remittimus,
1035 712 1080 748 ut
1113 708 1237 759 plena
1270 708 1491 763 gaudeant
1523 708 1733 748 libertate.
1796 708 2027 749 Statuimus

154 786 290 837 etiam,
331 786 377 821 ut
416 781 552 820 nullus
592 779 850 818 camerarius
889 779 1016 817 intret
1056 778 1178 817 villas
1220 778 1461 817 monasterii
1500 777 1550 817 ad
1592 777 1802 817 citandum
1835 778 2026 832 aliquem,

153 854 231 893 sed
270 849 487 906 significet
527 849 789 900 procuratori
831 847 975 886 domus
1010 847 1139 901 fliius,
1174 849 1241 886 cui
1281 847 1417 886 abbas
1467 858 1558 886 cum
1597 845 1796 886 fratribus
1829 848 2028 887 commisit
2091 893 2094 895 ,

155 922 489 975 procurationem
531 920 572 957 in
604 916 918 969 temporalibuS,
957 919 1003 955 ut
1035 927 1110 955 eos
1151 917 1270 955 citari
1303 915 1445 969 faciat,
1487 917 1555 968 qui
1588 919 1685 955 sunt
1718 916 1885 970 citandi,
1920 929 2026 968 qua-

152 997 276 1032 tenus
317 991 359 1030 in
407 990 499 1028 loco
544 987 818 1026 determinato
859 997 935 1024 eos
976 997 1115 1024 coram
1157 986 1363 1024 iudicibus
1410 989 1580 1039 statuat,
1621 996 1795 1037 quorum
1834 986 2026 1039 interest,

153 1072 309 1101 causas
350 1063 392 1098 et
425 1058 601 1111 negotia
635 1055 764 1109 regni
804 1055 937 1093 nostri
969 1058 1155 1093 tractare
1189 1059 1230 1094 et
1264 1053 1454 1094 diffinire.
1518 1054 1567 1095 Si
1607 1055 1698 1105 quis
1732 1059 1868 1094 antem
1903 1055 2028 1095 alicui

153 1140 337 1183 persone
366 1127 586 1181 religiose,
612 1123 720 1163 infra
744 1126 870 1174 septa*
898 1124 1141 1162 monasterii
1166 1125 1406 1177 constitute,
1433 1135 1578 1162 manus
1604 1124 1797 1162 iniecerit
1820 1124 2027 1164 uiolentas

153 1199 207 1240 ad
241 1199 418 1249 aliquem
462 1196 517 1234 ibi
551 1192 925 1247 dehonestandum,
965 1192 1034 1231 uel
1068 1193 1220 1244 aliquid
1262 1193 1359 1232 inde
1399 1193 1619 1232 abstulerit
1657 1204 1763 1231 ausu
1802 1194 2025 1233 temerario

152 1266 373 1310 manifeste
406 1266 586 1305 bannum
620 1266 804 1303 nostrum
838 1262 976 1313 quoad
1003 1261 1146 1300 decem
1180 1273 1345 1300 marcas
1378 1263 1550 1315 argenti
1572 1262 1773 1315 incurrat,
1807 1265 1848 1301 et
1880 1274 2027 1301 mona-

153 1338 323 1378 sterium
358 1334 518 1374 damnis
552 1333 640 1372 suis
674 1332 894 1371 resarcitis
928 1331 970 1370 in
1002 1331 1171 1370 totidem
1204 1334 1433 1370 contentet.
1488 1330 1767 1370 Prohibemus
1801 1331 1939 1385 etiam,
1972 1342 2027 1371 ne

152 1409 385 1447 venatores
418 1404 550 1442 nostri
593 1403 635 1441 in
668 1412 772 1452 sepe
816 1400 925 1440 dicto
960 1401 1150 1453 circuitu,
1185 1401 1277 1440 sine
1311 1400 1478 1439 abbatis
1520 1403 1562 1439 et
1593 1397 1764 1440 fratrum
1799 1411 2027 1455 consensu,

153 1477 417 1529 pernoctent,
450 1472 520 1512 vel
554 1471 707 1523 aliquid
740 1470 795 1509 ibi
821 1468 1003 1509 inferant
1035 1470 1247 1523 uiolentie,
1273 1473 1315 1509 et
1347 1469 1427 1508 hoc
1461 1469 1538 1509 sub
1573 1480 1683 1520 pena
1716 1469 1862 1508 decem
1893 1469 2027 1509 libra—

152 1557 242 1585 rum
267 1548 431 1583 monete
457 1541 747 1594 prouincialis3
782 1540 823 1579 id
851 1540 974 1579 etiam
997 1539 1217 1593 addentes,
1252 1539 1359 1591 quod
1394 1539 1430 1578 si
1459 1539 1698 1578 exstiterint
1730 1539 1792 1577 eis
1825 1539 2027 1593 iniuriosi,

154 1615 282 1654 liceat
308 1614 385 1666 eiS,
417 1613 533 1663 ipsos
562 1610 614 1649 de
641 1609 830 1650 domibus
857 1610 945 1648 suis
973 1611 1145 1648 eiicere.
1194 1610 1375 1660 Insuper
1399 1609 1631 1661 statuimus,
1654 1608 1764 1659 quod
1789 1609 2027 1660 quicunque

154 1684 349 1724 nobilium
390 1683 431 1720 in
463 1678 615 1732 prefati
655 1680 855 1718 circuitus
889 1680 1016 1717 curiis
1051 1679 1339 1729 pernoctando
1374 1678 1531 1717 eisdem
1566 1678 1754 1717 iniuriosi
1795 1679 2026 1731 extiterint,

154 1753 334 1793 bannum
368 1754 552 1790 nostrum
585 1750 626 1788 in
660 1748 806 1787 decem
838 1759 1004 1787 marcas
1038 1749 1268 1787 incurrant.
1316 1748 1561 1787 Adiecimus
1595 1749 1731 1800 etiam,
1763 1750 1808 1785 ut
1840 1747 2028 1786 homines

154 1819 307 1874 prefati
348 1819 516 1860 cenobii
554 1829 632 1869 per
671 1817 840 1857 telonea
879 1820 1153 1856 transeuntes
1196 1818 1235 1856 in
1277 1817 1422 1870 rebus,
1463 1827 1545 1868 que
1587 1819 1783 1866 spectant
1828 1815 1881 1854 ad
1922 1826 2027 1866 opus

155 1890 355 1943 ecclesie,
389 1889 442 1928 ad
476 1900 568 1927 eam
601 1889 641 1927 in
675 1886 1004 1926 necessitatibus
1037 1885 1280 1925 deferendis
1317 1885 1386 1924 uel
1417 1884 1742 1924 transducendis
1775 1884 1857 1923 sint
1890 1896 1914 1923 a
1949 1894 2026 1935 pe-

156 1959 299 2013 dagiis
333 1962 376 1998 et
407 1957 615 1997 theloneis
648 1956 840 1996 absoluti.
903 1955 1175 1994 Mercatores
1208 1966 1311 1994 uero
1355 1954 1532 2006 soluant,
1567 1953 1675 2004 quod
1709 1954 1774 1992 sui
1814 1953 1915 1992 iuris
1949 1957 2027 1992 est.

157 2029 293 2069 Huius
342 2031 479 2067 autem
526 2026 732 2066 libertatis
781 2037 806 2064 a
854 2024 976 2063 nobis
1025 2035 1235 2064 concesse
1285 2021 1449 2075 prefate
1499 2023 1633 2062 domui
1682 2020 1803 2061 filium
1842 2025 2027 2061 nostrum

156 2096 467 2137 Wenceslaum
509 2093 775 2135 defensorem
815 2094 1221 2152 constituinnOE„qui
1261 2093 1431 2132 easdem
1472 2092 1523 2131 ad
1567 2092 1805 2144 petitionem
1845 2096 2028 2130 nostram

156 2167 223 2208 sui
254 2165 386 2219 sigilli
419 2165 636 2204 munimine
670 2163 899 2203 roborauit.
962 2163 1018 2202 Et
1051 2163 1131 2218 hoc
1165 2164 1286 2202 etiam
1319 2162 1506 2201 omnibus
1539 2161 1726 2202 uolumus
1760 2172 1860 2200 esse
1893 2160 2028 2199 mani-

157 2233 320 2287 festum,
344 2233 452 2286 quod
471 2233 757 2273 uenerabilem
776 2235 936 2284 patrem
960 2236 1145 2271 nostrum
1164 2232 1408 2284 Robertum,
1434 2230 1751 2271 olomucensem
1773 2230 2027 2283 episcopum,

159 2304 418 2358 rogauimuS,
451 2307 495 2342 ut
527 2314 682 2356 omneS,
716 2303 783 2353 qui
819 2299 969 2353 prefati
994 2301 1233 2340 monasterii
1265 2301 1472 2340 uiolarent
1500 2301 1789 2339 immunitatem
1821 2302 1863 2338 et
1895 2298 2027 2337 liber-

157 2377 284 2414 tatem
317 2372 450 2412 eidem
484 2383 509 2411 a
536 2374 680 2411 nostra
706 2368 983 2410 munificentia
1009 2370 1211 2423 collatam,
1236 2370 1636 2423 excommunicaret3
1665 2368 1773 2421 quod
1809 2371 1850 2407 et
1875 2365 2026 2406 factum

159 2447 225 2482 est
258 2442 310 2481 ab
345 2441 503 2481 eodem.
567 2440 683 2481 Istud
725 2440 912 2480 similiter
945 2440 1107 2491 absque
1141 2438 1300 2479 offensa
1334 2443 1477 2479 nostra
1516 2438 1610 2492 erit,
1643 2438 1679 2477 si
1712 2434 1900 2489 prefatus
1933 2435 2027 2486 epi-

159 2522 316 2563 scopus
356 2514 398 2552 et
431 2511 522 2550 eius
562 2520 842 2561 successores
874 2513 1110 2550 nostrarum
1149 2509 1484 2549 constitutionum
1526 2508 1568 2548 in
1600 2506 1682 2547 hac
1723 2506 1885 2560 pagina
1921 2515 2025 2543 con-
