2212 2876
1100 97 1208 138 314

1002 237 1233 281 CCLXXI
1240 241 1292 280 V.

205 329 428 386 premysl,
470 333 662 374 marchio
701 335 940 386 Mor-ariae,
972 337 1228 375 monasterio
1272 335 1569 377 aslon-(mensi
1598 338 1744 378 villam
1776 340 2001 391 quamdam
2032 341 2083 381 ab

315 404 565 444 Hermanno
593 403 645 442 de
675 402 889 444 Rudiltow
922 407 1070 443 emtum
1104 405 1335 461 confirmat.
1399 406 1507 446 Acta
1538 407 1583 446 in
1614 407 1783 460 Bmma,
1825 408 1980 450 1236.

341 496 402 557 In
435 515 600 554 nomine
640 514 773 566 patris
807 517 849 555 et
887 513 954 555 filii
989 519 1030 555 et
1062 516 1237 567 spiritus
1280 518 1416 558 sancti
1457 529 1592 558 amen.
1655 517 1746 559 Nos
1786 519 1967 561 Premizl
1998 521 2084 562 Dei

211 583 371 626 Gracia
403 583 601 624 Marchio
642 584 854 624 Morauie.
888 584 1088 625 Omnibus
1121 585 1233 626 hanc
1266 587 1445 627 litteram
1486 587 1740 640 inspecturis
1778 589 2083 642 inperpetuum.

211 652 315 695 Cum
356 664 500 708 genus
539 653 758 693 humanum
798 654 852 694 ab
901 657 993 696 ortu
1035 655 1264 695 natiuitatis
1307 667 1384 696 sue
1424 667 1560 708 vsque
1607 657 1660 697 ad
1703 658 1846 698 mortis
1886 670 2082 700 occasum

208 734 324 763 more
357 720 523 763 fluentis
564 733 674 774 aque
707 722 760 762 ad
801 726 1094 774 conpetentem
1127 726 1342 764 terminum
1383 736 1439 764 ex
1473 727 1615 770 carnis
1648 726 1810 778 liquore
1843 728 2083 768 cottidianis

209 790 445 832 defectibus
480 790 634 831 defluat
676 794 719 831 et
751 791 946 832 declinet.
981 794 1200 834 serenitati
1235 795 1553 841 110stre„.visum
1585 793 1662 835 fuit
1693 799 1737 843 et
1769 796 1872 836 ivris
1906 797 2008 837 ordo
2042 797 2083 837 id

207 862 385 914 requirit
416 860 780 913 indempnitatibus
808 862 1085 901 ecclesiarum
1119 863 1417 917 religiosarum
1451 867 1493 904 et
1518 851 1794 915 personarum
1827 865 1977 905 ibidem
2002 866 2083 907 deo

208 932 490 971 seruiencium
523 941 600 981 per
625 934 808 971 nostram
834 929 1196 986 magnificencIam
1219 932 1436 984 provideri
1464 934 1504 973 in
1536 934 1686 986 quibus
1711 920 1786 985 pro
1814 938 2083 986 peccatorum

206 1004 442 1040 nostrorum
463 1001 589 1039 venia
610 1003 651 1039 et
673 1000 845 1039 aliorum
864 998 1039 1041 fidelium
1058 1001 1197 1041 diuine
1224 1002 1360 1043 laudis
1380 1013 1548 1057 organa
1569 1003 1876 1051 modulantibus
1901 1004 2079 1044 uocibus

207 1070 461 1111 attolluntur.
525 1069 629 1108 Inde
670 1073 736 1109 est
770 1069 877 1121 quod
919 1072 1057 1110 notum
1090 1082 1190 1110 esse
1230 1071 1419 1111 volumus
1463 1073 1731 1123 presencium
1771 1073 2083 1124 inspectoribus

186 1145 249 1180 'et
281 1139 541 1179 auditoribus
581 1139 795 1178 vniuersis
829 1139 938 1191 quod
978 1139 1249 1180 Hermannus
1282 1141 1349 1179 vir
1390 1141 1539 1181 nobilis
1573 1140 1626 1181 de
1665 1141 1947 1181 Rvdwicowe
1980 1153 2082 1194 pro-

209 1212 388 1249 testatus
422 1212 499 1248 est.
534 1219 582 1248 se
616 1208 754 1247 villam
788 1208 992 1260 quandam
1025 1237 1035 1249 .
1069 1222 1085 1248 .·
1113 1239 1122 1248 .
1157 1210 1321 1249 nomine
1362 1221 1437 1261 pro
1472 1209 1555 1250 XL
1587 1210 1739 1250 marcis
1780 1211 1952 1265 argenti
1985 1210 2083 1250 Ab-

205 1278 369 1318 batisse
418 1282 459 1318 et
502 1275 754 1318 Conuentui.
796 1277 849 1318 de
890 1277 994 1318 Ozla
1036 1279 1328 1318 cisterciensis
1370 1279 1529 1336 ordin-is
1577 1279 1824 1319 vendidisse
1871 1280 2082 1320 recedens

205 1348 259 1388 ab
292 1348 398 1387 omni
431 1347 525 1387 ivre
566 1346 678 1399 qvod
712 1348 753 1386 in
787 1347 944 1387 eisdem
984 1347 1106 1387 bonis
1140 1348 1302 1387 habere
1336 1338 1572 1388 videbatur.
1614 1349 1869 1403 recognouit
1901 1348 2082 1388 nichilo-

203 1419 336 1456 minus
370 1428 511 1456 coram
553 1417 673 1456 nobis
714 1416 766 1456 de
799 1418 908 1457 Jvre
950 1420 1196 1469 patronatus
1236 1417 1436 1457 Ecclesie
1476 1416 1575 1457 ville
1609 1417 1661 1457 de
1700 1417 1939 1457 Rvdicowe
1972 1417 2081 1469 quod

205 1487 274 1538 pie
314 1487 507 1526 memorie
548 1489 680 1527 mater
720 1498 797 1527 sua
838 1490 936 1537 aput
975 1486 1146 1528 easdem
1187 1486 1375 1526 dominas
1418 1486 1583 1538 supulta
1626 1485 1775 1526 dudum
1816 1489 1914 1526 ante
1947 1487 2080 1538 ipsius

209 1554 516 1597 defunctionem
550 1553 727 1608 prefatis
768 1556 1002 1596 Abbatisse
1037 1560 1079 1596 et
1111 1553 1349 1596 Conuentui
1392 1555 1628 1596 contulerat
1661 1558 1833 1607 propter
1873 1555 1993 1595 deum
2028 1555 2081 1595 de

204 1626 337 1677 ipsius
371 1637 584 1666 consensu
618 1629 659 1665 et
683 1625 817 1666 libera
850 1626 1065 1667 voluntate
1099 1625 1380 1677 processisse.
1413 1625 1670 1667 renuncians
1705 1624 1803 1664 Jvri
1835 1628 2081 1676 patronatus

203 1695 404 1736 Ecclesie
436 1698 676 1734 memorate.
740 1694 900 1735 Verum
934 1706 987 1734 ne
1020 1697 1217 1746 pretextu
1251 1694 1413 1734 malicie
1447 1695 1691 1746 cuiusquam
1725 1693 1778 1733 de
1811 1691 1920 1733 sacto
1955 1697 2082 1745 queat

204 1775 282 1817 per
314 1775 594 1804 successores
627 1765 808 1816 ipsorum
842 1764 1031 1819 litigiosa
1060 1764 1291 1817 calumpnia
1324 1763 1507 1803 suboriri
1539 1763 1695 1804 titulum
1728 1763 1945 1814 emptionis
1977 1774 2079 1814 pro-

202 1834 450 1874 testacionis
493 1834 814 1888 recognicionis
861 1833 1011 1873 litteris
1051 1834 1209 1874 nostris
1253 1833 1429 1873 inscribi
1468 1831 1649 1873 ‘fecimus
1692 1835 1734 1872 et
1772 1832 1905 1886 sigilli
1945 1832 2079 1870 nostri

205 1903 424 1942 munimine
466 1904 661 1954 recipere
701 1901 1007 1943 firmamentum.
1071 1903 1181 1942 Acta
1221 1906 1318 1942 sunt
1350 1902 1430 1942 hec
1472 1903 1514 1941 in
1546 1902 1723 1941 Brvnna
1762 1901 1887 1941 Anno
1929 1900 2079 1940 domini

205 1972 267 2012 M.
301 1971 390 2013 CC.
425 1973 636 2011 XXXVI.
678 1984 817 2012 coram
851 1972 1030 2012 testibus
1071 1972 1321 2011 subnotatis.
1360 1970 1551 2011 Arnoldo
1586 1970 1829 2011 trebecensi
1871 1973 1913 2010 et
1944 1969 2079 2009 Hart-

205 2054 354 2081 manno
395 2041 744 2096 &Velegradensi
784 2041 1037 2082 Abbatibus.
1077 2040 1344 2081 Theodorico
1387 2043 1639 2091 preceptore
1681 2039 1825 2079 domus
1864 2039 2079 2079 tevtonice

206 2114 249 2150 et
281 2108 436 2151 fratres
463 2112 540 2152 sui.
569 2110 795 2153 Conradus
819 2111 1007 2152 notarius
1039 2110 1312 2152 brvnnensis.
1337 2109 1569 2149 VVoccone
1597 2110 1844 2149 camerario.
1867 2108 2077 2149 Janzone.

204 2180 425 2221 Hartliebo
459 2181 690 2220 castellano
734 2181 977 2220 znoimensi.
1011 2179 1197 2222 Stiborio
1231 2179 1469 2233 burgraqu
1510 2178 1563 2218 de
1596 2178 1840 2230 Aychorns.
1874 2175 2076 2218 Cirhone.

205 2249 411 2289 Bvdizlao
445 2249 497 2289 de
530 2250 734 2290 Meseriz.
770 2250 891 2301 vao
919 2249 971 2289 de
1004 2249 1241 2289 Nasmariz.
1275 2247 1497 2300 Stephano
1522 2247 1574 2288 de
1596 2247 1855 2288 Medelowe.
1889 2246 2077 2286 Hilarius

205 2320 393 2361 notai-lus
426 2323 585 2361 noster.
620 2324 662 2360 et
695 2320 765 2359 alii
799 2331 917 2372 quam
953 2319 1096 2371 plures
1129 2318 1294 2360 nobiles
1328 2322 1370 2358 et
1403 2318 1586 2358 curiales
1619 2317 1737 2356 curie
1770 2320 1928 2356 nostre.

516 2436 570 2471 Ex
595 2437 789 2480 originali
827 2435 974 2479 ejusdem
1004 2436 1202 2469 monasterii.
