2212 2876
1070 72 1171 114 147

178 221 327 258 tenore
360 221 403 257 et
434 217 568 272 sigilli
600 217 736 257 nostri
769 216 936 272 regalis
971 217 1238 268 inpressione
1269 216 1386 257 simul
1421 220 1464 257 et
1496 216 1691 257 nobilium
1722 218 1960 256 nostrorum
1993 216 2062 269 qui

179 290 403 339 presentes
436 290 534 327 tunc
567 287 747 326 aderant
779 287 1062 327 attestacione
1087 289 1409 338 ceterorumque
1441 287 1607 327 testium
1640 286 1921 326 adnotacione
1953 285 2063 327 seci-

176 367 266 396 mus
306 356 513 396 roborari.
578 356 716 396 Huius
757 359 894 396 autem
934 356 997 395 rei
1037 359 1172 396 testes
1214 360 1333 395 sunt:
1374 356 1610 396 Jarozlaw.
1650 355 1841 397 Slawek.
1885 353 2063 407 Cyrnin.

177 425 383 465 Arnusth.
426 425 603 466 Wilam.
643 425 838 465 Predbor
876 424 1031 465 Hebki.
1074 425 1318 480 Boguzlaw
1368 424 1688 466 Odolenowich.
1728 425 1884 465 Petrus
1924 437 2062 465 rozss.

178 493 426 536 Sdizlawek
460 494 704 536 Grutouicli.
739 494 859 534 Blud.
892 494 1059 534 Doben.
1101 494 1344 534 Pribizlaw.
1378 495 1529 535 Paulik
1569 494 1812 546 Sobehyrd.
1846 494 2062 536 Swezlau.

178 563 395 606 Sulizlaw.
428 564 639 606 Jacobus.
672 565 889 604 Hinricus.
922 564 1080 604 Luder.
1114 565 1248 604 Hren.
1281 564 1381 604 Jan.
1407 564 1617 617 Nepplah.
1650 564 1825 604 Boruth.
1859 565 2063 605 Borutha.

490 664 546 697 Ex
570 664 768 706 originali
792 665 824 696 in
847 664 985 696 archivo
1010 664 1143 705 capituli
1168 662 1468 696 olomucensis.
1498 683 1542 687 -—
1569 665 1704 696 Tenor
1734 663 1979 706 diplomatis
2003 666 2063 697 in-

595 719 656 747 ter
679 725 806 747 annos
833 715 954 747 1207
983 735 1027 739 —
1058 714 1191 748 1209.
1216 718 1424 757 pertinere
1449 716 1630 754 videtum
1662 719 1726 748 ast
1750 727 1861 758 quum
1886 716 2062 758 diploma

594 769 719 809 ipsum
741 777 824 799 cum
839 767 1109 809 praecedenti
1128 768 1250 809 plene
1270 768 1507 811 cohaereat,
1523 768 1587 800 liic
1602 768 1751 800 demum
1771 772 1834 800 est
1854 771 2062 802 inscrtum.

1024 934 1206 977 CXLV.

181 1030 409 1082 oudam-us,
450 1031 521 1082 qui
565 1033 604 1070 et
643 1030 857 1083 Premysl,
901 1043 985 1070 rea:
1023 1031 1231 1071 Boemiae
1270 1034 1310 1071 ec
1346 1032 1587 1084 Μοναυὶαε,
1628 1032 1852 1085 confirmat
1876 1034 1986 1086 jura
2026 1037 2064 1072 et

175 1101 469 1154 possessiones
490 1113 516 1139 α
539 1101 681 1153 fralm
705 1112 783 1139 suo
816 1100 1068 1152 {mades-Iao,
1099 1100 1346 1141 marchione
1369 1102 1609 1154 Mor-aviae,
1634 1101 1796 1141 civibus
1823 1102 1875 1141 de
1907 1099 2062 1143 Vni-ow

268 1170 414 1222 (Nora
447 1170 633 1221 cii-itate)
667 1182 909 1221 concessas,
943 1169 1212 1222 indnlqetque
1231 1171 1312 1223 jot-s·
1345 1170 1732 1223 Maydeburqense.
1787 1172 1895 1212 Acta
1927 1173 1972 1212 in

920 1240 1119 1292 Brumea,
1161 1240 1313 1279 1223.

310 1309 419 1381 Cin
452 1330 500 1370 In
533 1330 698 1370 nomine
732 1331 877 1382 patris.
913 1334 955 1371 et
988 1329 1070 1370 filii.
1104 1334 1147 1371 et
1179 1331 1349 1382 spiritus
1383 1332 1534 1371 sancti.
1568 1343 1701 1372 amen.
1767 1331 1970 1382 Quoniam
2003 1344 2056 1373 ea

179 1410 260 1451 que
301 1400 370 1451 pie
403 1411 455 1439 ac
496 1399 767 1440 laudabiliter
809 1413 833 1440 a
867 1400 1250 1452 predecessoribus
1291 1400 1485 1440 ordinata
1525 1401 1799 1442 dinoscuntur
1839 1413 1952 1442 esse.
1991 1403 2060 1442 uel

181 1470 260 1508 rite
294 1479 504 1508 concessa
537 1481 562 1508 a
596 1471 725 1524 regia
756 1469 1035 1510 munificentia
1068 1471 1269 1509 immutari
1303 1470 1459 1510 debent
1491 1474 1561 1510 aut
1594 1500 1603 1510 .
1638 1500 1647 1509 .
1682 1500 1692 1510 .
1726 1499 1736 1510 .
1769 1471 1846 1510 sed
1880 1483 2061 1512 conser-

178 1539 270 1577 uari
303 1538 439 1589 potius
473 1542 516 1579 et
548 1540 718 1593 augeri.
754 1540 848 1579 ideo
883 1551 971 1594 ego
1015 1539 1260 1581 omakarus
1293 1541 1364 1592 qui
1396 1543 1435 1579 el
1455 1540 1663 1580 Premizl
1701 1540 1769 1580 dei
1803 1542 1947 1595 gratia
1980 1552 2061 1581 rex

178 1607 455 1647 Boliemorum
490 1619 580 1647 cum
606 1611 708 1648 meis
733 1609 879 1648 liberis
905 1613 1042 1648 notum
1075 1607 1250 1648 facimus
1283 1610 1496 1649 uniuersis
1525 1614 1605 1648 tam
1640 1610 1911 1661 presentibus
1939 1622 2058 1663 quam

178 1675 327 1717 suturis
369 1677 476 1728 quod
518 1689 593 1716 nos
638 1678 743 1717 idem
787 1679 851 1717 ius
893 1683 935 1718 et
975 1678 1151 1718 eandem
1192 1690 1269 1729 per
1311 1680 1446 1718 omnia
1490 1679 1724 1719 libertatem
1769 1691 1889 1731 quam
1927 1677 2062 1720 frater

178 1750 325 1787 noster
358 1746 608 1785 nudamus
638 1748 709 1800 pie
732 1749 932 1787 menam-te
964 1747 1174 1799 quondam
1199 1748 1392 1788 nmrcln'o
1415 1749 1618 1788 Morauie
1649 1749 1863 1800 concessit
1895 1749 2060 1789 dilectis

178 1816 341 1856 ciuibus
382 1817 538 1855 nostris
581 1816 634 1856 de
673 1818 822 1856 vni-302⁹
866 1828 947 1870 que
989 1820 1055 1857 est
1095 1829 1205 1857 noua
1246 1817 1345 1856 uilla
1378 1819 1419 1857 in
1460 1817 1608 1858 eodem
1643 1818 1794 1870 oppido
1833 1818 1901 1857 uel
1936 1823 2060 1859 extra

179 1884 371 1936 oppidum
405 1885 578 1925 eandem
613 1886 717 1937 ipsis
758 1887 885 1940 regia
918 1886 1138 1926 clementia
1173 1886 1364 1926 duximus
1406 1886 1637 1926 liberaliter
1669 1887 1984 1927 concedendam
2018 1892 2060 1928 et

178 1955 219 1994 in
252 1955 407 2004 scripto
449 1957 659 1994 autentico
701 1955 985 2006 sollempniter
1025 1956 1320 2010 redigendam.
1389 1956 1603 1996 Videlicet
1642 1959 1686 1996 ut
1728 1957 1913 2008 quelibet
1953 1969 2059 1998 area

181 2024 221 2062 in
255 2023 442 2074 predicto
477 2023 627 2074 oppido
651 2025 743 2064 siue
779 2036 912 2076 parua
945 2025 1038 2065 siue
1071 2037 1229 2080 magna
1261 2036 1342 2064 sex
1376 2025 1575 2064 denarios
1609 2028 1652 2065 et
1684 2025 1856 2078 quilibet
1887 2039 2058 2067 mansus

179 2096 294 2132 terre
327 2091 499 2131 arabilis
532 2090 736 2133 fertonem
770 2096 945 2148 argenti
985 2098 1026 2134 et
1059 2097 1148 2134 tres
1183 2106 1403 2134 mensuras
1445 2106 1612 2134 annone
1644 2107 1767 2135 unam
1807 2096 1972 2136 scilicet
2005 2098 2058 2137 de

179 2161 329 2202 tritico.
363 2161 538 2200 alteram
571 2162 624 2202 de
657 2162 834 2217 siligine
867 2164 1031 2203 tertiam
1065 2163 1118 2203 de
1152 2175 1302 2203 auena.
1329 2164 1513 2217 singulis
1547 2165 1669 2203 annis
1703 2165 1743 2204 in
1777 2162 1885 2205 sesto
1919 2168 2057 2205 sancti

179 2230 352 2271 Martini
387 2231 634 2282 persoluere
667 2235 904 2272 teneantur.
968 2234 1072 2272 Item
1104 2233 1250 2272 siluam
1292 2244 1413 2284 quam
1446 2238 1707 2285 acceperunt
1740 2235 2056 2286 exstirpandam

181 2299 233 2339 ad
274 2299 408 2339 XXX
458 2312 592 2340 annos
633 2302 685 2341 de
728 2302 879 2354 quibus
920 2302 1000 2341 iam
1052 2302 1197 2342 decem
1238 2303 1536 2353 preterierunt.
1588 2303 1746 2343 eisdem
1787 2304 2055 2343 concedimus

180 2379 280 2409 esse
312 2369 485 2409 liberam
528 2374 650 2421 prout
682 2371 855 2423 quilibet
895 2383 1035 2411 eorum
1076 2373 1228 2423 poterit
1267 2372 1523 2424 exstirpare.
1585 2373 1689 2412 Item
1728 2373 1925 2412 terminos
1968 2374 2055 2412 cir-

179 2439 314 2478 cuitus
348 2439 527 2490 ipsorum
568 2444 651 2479 tam
684 2441 725 2480 in
765 2441 885 2480 siluis
919 2453 1039 2493 quam
1081 2442 1122 2480 in
1156 2441 1314 2492 campis
1355 2444 1398 2480 et
1429 2441 1602 2493 pascuis
1642 2453 1667 2481 a
1700 2442 1889 2493 predicto
1922 2439 2054 2481 fratre

179 2511 323 2548 nostro
369 2508 610 2549 marchione
651 2509 731 2549 sibi
778 2510 887 2550 iuste
926 2511 1117 2562 primitvs
1167 2510 1403 2562 deputatos.
1443 2511 1601 2551 liberos
1649 2512 1713 2550 eis
1755 2522 1806 2550 ac
1855 2510 2054 2563 pacificos

1636 2577 1742 2619 192³l
