2212 2876
1067 87 1172 130 356

183 235 225 275 in
258 233 392 273 bonis.
424 232 466 271 in
507 230 710 286 Vngaria
751 232 1017 283 comparatis.
1086 230 1140 272 Vt
1177 234 1314 272 autem
1352 230 1480 272 liuius
1519 236 1663 273 nostre
1703 235 2045 288 confirmacionis

178 302 409 343 liberalitas
453 301 528 354 pia
573 303 612 340 et
651 300 774 353 felici
817 299 1122 340 recordacione
1156 303 1360 353 perpetua
1409 304 1449 341 et
1484 302 1744 343 inuiolabilis
1789 307 2047 358 perseueret,

173 373 411 425 presentem
463 371 668 422 payinam
713 369 847 420 siyilli
900 370 1037 409 nostri
1084 368 1306 409 karactere
1352 369 1527 423 diqnurn
1577 371 1784 412 dua-imus
1833 375 2047 425 insiyniri.

179 440 366 481 Testium
405 438 723 490 subscripcione
764 437 953 477 adnexa.
994 450 1173 490 quorum
1211 440 1382 479 nomina
1422 443 1521 480 sunt
1557 441 1602 480 in
1640 441 1905 493 sequentibus
1944 442 2047 482 sub-

178 512 322 549 arata:
355 507 613 548 Bernardus
653 507 895 558 Prayensis
928 508 1168 560 episcopus.
1207 508 1335 560 Eppo
1364 510 1619 562 prepositus.
1655 510 1812 550 Tobios
1846 511 2046 551 decanus.

176 578 453 617 Hermannus
498 576 740 628 prepositus
778 577 1156 616 Lulomericensis.
1203 575 1448 629 Stephanus
1483 580 1726 630 prepositus
1771 578 2047 621 Szaszensts.

175 646 430 687 Bolzuzlaus
470 645 748 684 camerarius,
787 644 1024 685 Miz-tridru
1063 644 1322 697 bmyrauius
1361 647 1619 697 Prayensis.
1661 647 1859 691 Albertus
1900 649 2047 689 iudeoe.

176 714 396 767 Rudolfus
439 713 622 766 dapifer.
662 713 908 757 Zobezlaus
942 713 1112 767 dapifer
1151 716 1281 766 reyis.
1315 714 1596 756 Zbratizlaus
1632 709 1853 769 pincerna.
1893 717 2048 758 Balm-

176 784 300 823 zlaus
333 785 372 822 et
401 783 566 824 Neulaz
587 783 725 835 frater
759 784 862 822 eius.
886 783 1141 824 Bolia-daus
1160 784 1278 837 filius
1302 785 1494 825 Protiue.
1541 786 1655 826 Acta
1682 790 1778 826 sunt
1809 786 1890 826 hec
1922 787 2049 829 Anno

177 852 496 893 lucarnacionis
545 851 694 891 domini
742 852 966 892 Millesimo
1012 853 1315 893 Ducentesimo
1355 853 1589 906 Tricesimo
1636 855 1775 895 Nono.
1814 856 2049 896 Indictione

177 921 221 960 V
224 921 427 961 ndecima.
475 922 627 961 Datum
652 921 803 975 Prage
829 933 906 972 per
934 934 1081 961 manus
1104 922 1326 964 Willialmi
1352 924 1502 963 notarii
1529 926 1672 964 nostri.
1696 925 1904 964 Kalendis
1930 925 2048 966 Maii.

488 1029 544 1063 Ex
568 1030 759 1070 originali
784 1031 815 1060 in
839 1029 975 1060 archivo
1000 1028 1148 1070 ejusdem
1171 1032 1379 1072 monasterii3
1403 1032 1489 1074 sign.
1513 1032 1559 1065 Y.
1583 1027 1610 1066 Ῐ.
1633 1032 1670 1065 2.
1692 1051 1737 1057 -—
1760 1033 1882 1066 Confer
1906 1033 2050 1076 diploma

595 1080 744 1122 ejusdem
767 1082 858 1124 regis
882 1090 912 1112 a.
941 1080 1054 1114 1238.
1079 1092 1109 1113 n.
1136 1081 1323 1114 CCXCIII.

952 1271 955 1277 '
1005 1257 1223 1301 CCCVII.

186 1361 474 1414 Wenceslaus,
515 1373 600 1401 rea:
638 1361 857 1414 Boemiae‚
897 1364 1152 1405 monasterio
1191 1364 1384 1404 Lucensi
1430 1365 1655 1418 confirmat
1680 1366 1760 1418 jus
1796 1368 2050 1418 patronatus

241 1431 445 1471 ecclesiae
476 1431 522 1471 in
552 1426 798 1471 Primetice.
854 1432 1008 1473 Actum
1039 1434 1085 1473 in
1118 1436 1258 1472 castro
1291 1434 1568 1486 Znoymensi‚
1602 1435 1689 1474 ΙΙΙ.
1723 1435 1827 1476 Kal.
1864 1436 1988 1488 Jalii,

309 1593 367 1654 In
388 1612 551 1651 nomine
570 1615 719 1652 sancte
741 1616 782 1652 et
806 1612 1020 1653 individue
1038 1615 1246 1654 trinitatis.
1279 1615 1564 1657 Uenzezlaus.
1589 1615 1657 1656 dei
1684 1617 1837 1671 gracia
1864 1615 2050 1666 Quartus

180 1682 277 1721 Rex
309 1682 597 1721 Bohemorum.
630 1682 843 1722 uniuersis
877 1680 1038 1724 Christi
1072 1682 1262 1724 fidelibus
1294 1688 1377 1724 tam
1409 1685 1596 1725 moderni
1630 1697 1751 1738 quam
1783 1684 1909 1726 futuri
1941 1691 2050 1728 tem-

181 1752 295 1802 poris
335 1754 562 1802 presentes
600 1751 763 1791 litteras
810 1753 1065 1804 inspecturis
1112 1753 1301 1793 salutem.
1375 1752 1479 1795 Cum
1520 1755 1629 1794 inter
1668 1759 1816 1795 cetera
1857 1757 2052 1797 virtutum

181 1820 368 1874 insignia
401 1819 578 1872 quadam
611 1821 874 1860 excellencia
907 1822 1082 1873 speciali
1114 1815 1493 1874 reluceant'opera
1517 1824 1718 1863 caritatis.
1744 1825 1847 1875 ipsis
1882 1826 2051 1877 primum

182 1889 309 1929 debet
349 1889 570 1929 intendere
614 1889 769 1944 religio
810 1888 1071 1931 Christiana.
1111 1902 1188 1942 per
1228 1903 1309 1943 que
1349 1892 1558 1932 multitudo
1600 1894 1833 1947 gratiarum
1871 1892 2053 1936 feliciter

184 1958 425 2012 adaugetur
458 1970 508 1997 ac
541 1962 637 2010 post
669 1960 835 1999 exilium
867 1959 990 1999 huius
1021 1960 1158 2000 mundi
1191 1962 1568 2015 peregrinantibus
1602 1962 1775 2002 celestis
1807 1964 1937 2018 regni
1971 1976 2050 2015 pa-

183 2028 264 2066 tria
312 2027 539 2066 salubriter
586 2029 784 2079 aperitur.
854 2029 1005 2068 Notum
1046 2030 1189 2082 itaque
1230 2030 1284 2070 sit
1323 2031 1510 2070 omnibus
1549 2034 1630 2070 tam
1671 2033 1883 2082 presentis
1930 2044 2051 2085 quam

182 2093 306 2135 futuri
346 2096 542 2146 temporis
583 2095 743 2137 Christi
782 2096 985 2137 fidelibus.
1027 2099 1136 2150 quod
1179 2110 1256 2139 nos
1298 2099 1596 2139 Wenzezlaus
1638 2101 1705 2140 dei
1747 2102 1913 2156 gracia.
1953 2102 2052 2143 Rex

182 2165 441 2204 Boemorum.
482 2166 750 2206 considerato
791 2170 833 2207 et
872 2168 1061 2218 inspecto
1109 2168 1355 2222 diligentius
1398 2170 1649 2223 grauamine
1695 2181 1746 2209 ac
1794 2171 2049 2212 incommodo

183 2233 381 2273 Ecclesie
415 2233 638 2273 Lucensis.
673 2246 754 2287 que
787 2248 812 2275 a
844 2237 985 2287 primis
1019 2237 1107 2276 suis
1140 2235 1418 2278 fundamentis
1452 2250 1476 2278 a
1509 2240 1665 2278 nostris
1699 2242 1765 2279 est
1797 2241 2052 2294 progenito-

184 2303 299 2342 ribus
334 2301 510 2342 lideliter
543 2307 689 2343 erecta
722 2308 765 2344 et
797 2305 975 2347 sollicite
1010 2310 1208 2357 promota.
1242 2319 1317 2359 pro
1350 2307 1534 2348 remedio
1561 2308 1696 2347 anime
1721 2313 1865 2349 nostre
1894 2321 2051 2361 paren-

184 2375 349 2423 tumque
390 2375 625 2411 nostrorum
671 2373 818 2427 Regia
857 2374 1110 2415 liberalitate
1150 2388 1202 2415 ac
1241 2375 1519 2416 munificentia
1558 2377 1759 2417 donamus
1799 2379 1864 2417 ius
1906 2382 2052 2430 patro-

187 2445 308 2479 natus
348 2441 534 2481 ecclesie
581 2441 634 2481 de
674 2443 773 2482 villa
814 2447 957 2483 nostra
1005 2456 1085 2496 que
1131 2445 1328 2485 Primetiz
1375 2445 1615 2500 uulgariter
1656 2450 1931 2498 nuncupatur.
1974 2448 2051 2487 iam

186 2509 295 2549 dicte
329 2511 514 2550 ecclesie
546 2511 748 2551 Lucensi.
811 2513 990 2566 Insuper
1030 2517 1072 2554 et
1110 2512 1396 2555 confirmamus
1436 2515 1570 2555 eidem
1609 2515 1862 2556 auctoritate
1904 2516 2050 2571 Regia
