2212 2876
997 99 1064 140 93

93 243 175 284 hiis
209 254 285 295 per
327 243 589 294 capellanum
631 243 808 283 eundem
843 243 996 283 auditis
1036 255 1120 283 non
1153 244 1334 295 potuerit
1374 254 1516 283 coram
1557 243 1680 283 nobis
1720 241 1810 284 fieri
1842 244 1969 295 plena

94 311 211 352 fides.
245 313 298 353 de
330 313 549 364 utriusque
582 313 713 364 partis
754 324 950 352 assensu.
983 324 1061 364 per
1093 312 1326 364 apostolica
1365 312 1487 352 uobis
1521 313 1681 364 scripta
1712 312 1968 352 mandamus.

93 382 288 434 quatinus
320 382 501 422 audituri
536 393 617 434 que
643 385 790 434 partes
823 381 921 421 hinc
946 381 1043 422 inde
1077 382 1274 421 duxerint
1305 380 1593 433 proponenda.
1617 393 1789 421 causam
1819 381 1969 421 huius-

92 450 200 491 modi
233 450 493 491 sufficienter
524 452 769 491 instructam
808 449 915 490 infra
948 450 1071 491 unius
1105 451 1202 490 anni
1243 452 1419 502 spatium
1454 462 1545 490 cum
1578 451 1724 490 eodem
1757 451 1969 490 autentico

93 530 170 571 per
203 520 313 572 quod
353 531 402 560 se
435 524 564 560 tutum
607 520 741 560 abbas
775 521 866 571 ipse
906 520 1110 571 proponit.
1145 520 1199 559 ad
1239 523 1421 559 nostram
1455 520 1710 571 presentiam
1754 520 1969 559 transmit-

93 590 204 629 tatis.
267 589 359 628 Nos
400 594 536 629 autem
576 590 870 640 transcriptum
913 589 1010 628 illud
1052 589 1174 628 uobis
1215 588 1266 628 ad
1301 589 1506 628 cautelam
1546 588 1625 628 sub
1669 589 1782 628 bulla
1821 592 1971 628 nostra

93 659 285 698 mittimus
317 659 603 699 interclusum.
666 659 804 698 Nullis
837 658 988 697 litteris
1022 658 1286 697 obstantibus
1320 659 1357 697 si
1391 668 1471 709 que
1505 659 1792 709 apparuerint.
1826 661 1971 710 preter

93 738 314 767 assensum
349 729 524 779 partium
564 740 589 767 a
622 728 727 767 sede
770 728 1004 778 apostolica
1047 728 1281 778 impetrate.
1347 725 1469 774 Quod
1511 727 1546 765 si
1587 738 1671 766 non
1712 738 1854 766 omnes
1887 726 1969 766 hiis

95 797 359 848 exequendis
402 798 621 848 potueritis
656 798 880 836 interesse.
925 796 1004 835 duo
1038 800 1222 835 uestrum
1263 807 1315 835 ea
1358 795 1646 835 nichilominus
1689 799 1969 848 exequantur.

95 865 193 906 Dat.
226 866 360 906 Rome
393 866 503 917 apud
537 865 583 906 S.
619 866 801 905 Petrum.
843 865 898 904 X.
932 865 1028 904 Kal.
1062 865 1181 904 Iunii.
1215 862 1478 916 pontificatus
1519 865 1654 904 nostri
1685 876 1795 904 anno
1829 894 1838 904 .
1873 895 1882 904 .
1916 893 1926 904 .
1960 893 1969 903 .

406 974 459 1005 Ex
485 974 683 1016 originali
709 975 739 1004 in
763 973 900 1005 archivo
925 973 1122 1014 Teplrnsi
1149 974 1177 1004 in
1199 973 1360 1004 annalect.
1386 972 1423 1004 F.
1448 972 1644 1015 Palacky.
1669 990 1710 996 ·—
1734 973 1830 1004 Bulla
1853 972 1970 1004 avulsa

510 1025 616 1057 deest.
643 1026 752 1056 Dorso
777 1035 857 1056 vero
883 1026 1071 1065 inst-mptum
1098 1024 1205 1056 datum
1235 1023 1351 1056 1217.
1375 1023 1439 1056 23.
1464 1023 1561 1065 Maji.

904 1220 1155 1260 Lxxvlll.

224 1315 463 1376 Honorius
504 1346 616 1385 papa
655 1334 728 1373 ΙΙΙ.
776 1334 875 1386 regi
918 1333 1117 1372 Boemiae
1165 1332 1360 1371 scribens
1402 1333 1442 1370 in
1485 1331 1662 1385 negotio
1703 1330 1964 1383 quaestionis

94 1404 203 1442 inter
237 1415 326 1442 eum
369 1407 411 1442 et
443 1404 683 1454 episcopum
725 1403 996 1455 Pragensein
1037 1413 1166 1452 super
1200 1401 1496 1440 ecclesiastica
1535 1401 1731 1440 libertate
1772 1404 1965 1446 exortae,

95 1477 226 1527 urget
258 1473 358 1512 mitti
392 1472 565 1512 Romam
600 1477 900 1523 procuratores
935 1471 1121 1510 idoneos
1171 1470 1242 1509 Dt.
1276 1471 1332 1510 X.
1367 1470 1588 1509 Kalendas
1621 1469 1737 1523 Julii7
1778 1468 1931 1510 1217.

406 1579 623 1622 Palacky's
649 1580 751 1611 Rcise
775 1590 806 1621 p.
831 1577 894 1611 21.
923 1597 966 1601 —-
996 1587 1014 1609 e
1038 1578 1189 1620 Regesto
1212 1578 1383 1609 Honorii
1409 1578 1469 1609 111.
1495 1578 1550 1610 lib.
1574 1578 1599 1609 1.
1625 1578 1722 1619 epist.
1747 1576 1837 1608 51⁴.

926 1755 1134 1795 LXXIX.

97 1861 318 1900 Honorius
334 1873 446 1913 papa
465 1860 552 1899 III.
572 1860 816 1912 ea-posmla!
831 1871 922 1898 cum
943 1860 1195 1909 sllofflrnlino
1220 1857 1557 1910 archiepiscopo,
1576 1856 1689 1909 quod
1702 1855 1968 1897 interdictum

186 1931 230 1969 in
263 1930 443 1969 Boemz‘a
475 1930 750 1969 relaoectverz't.
815 1930 888 1968 Dt.
922 1929 1144 1968 Ferentini
1175 1927 1307 1967 XIII.
1342 1927 1446 1966 Kal.
1480 1927 1675 1978 Augusti,
1716 1925 1868 1967 1217.

226 2023 466 2083 Honorius
507 2042 733 2092 episcopus
773 2052 926 2080 seruus
968 2052 1187 2079 seruorum
1228 2038 1307 2078 dei.
1373 2036 1622 2078 Venerabili
1663 2035 1780 2077 fratri
1823 2037 1965 2076 archi-

99 2111 300 2162 episcopo
349 2111 674 2165 Moguntinensi
715 2110 890 2149 salutem
940 2113 981 2149 et
1028 2108 1299 2160 apostolicam
1348 2108 1696 2147 benedictionem.
1761 2104 1966 2147 Cum-ad

98 2190 252 2231 preces
286 2180 543 2219 venerabilis
576 2178 718 2219 fratris
759 2180 889 2219 nostri
923 2178 1166 2232 Pragensis
1208 2177 1396 2228 episcopi
1438 2174 1819 2216 confirmauerimus
1861 2187 1965 2215 sen-

97 2249 267 2288 tentiam
299 2249 521 2303 interdicti7
554 2260 674 2300 quam
709 2249 814 2288 idem
841 2250 1066 2299 episcopus
1100 2247 1141 2285 in
1174 2246 1363 2285 diocesin
1394 2257 1508 2284 suam
1543 2246 1677 2285 multis
1711 2248 1965 2296 prouocatus

98 2318 259 2358 iniuriis
305 2318 600 2372 promulgauit7
642 2319 847 2371 miramur,
899 2329 981 2369 qua
1029 2319 1238 2368 potestate
1286 2316 1417 2365 ipsam
1470 2314 1667 2354 relaxare
1715 2315 1965 2354 sententiam

98 2387 426 2440 presumpsistis,
459 2388 679 2438 presertim
721 2388 868 2426 eodem
902 2387 1101 2438 episcopo
1135 2388 1307 2436 propter
1348 2383 1428 2423 hoc
1463 2383 1569 2435 apud
1612 2383 1755 2422 sedem
1789 2389 1963 2433 aposto-

98 2455 217 2496 licam
250 2457 488 2509 constituto,
522 2467 641 2507 quem
674 2457 796 2495 etiam
829 2455 882 2495 ad
915 2458 1100 2494 nostram
1133 2454 1387 2505 presentiam
1429 2453 1701 2492 accedentem
1736 2452 1856 2491 nobis
1888 2462 1964 2503 per

101 2524 245 2564 literas
278 2528 372 2564 tuas
406 2525 582 2564 sollicite
623 2524 892 2564 comendasti.
956 2523 1079 2565 Unde
1119 2523 1191 2562 tibi
1225 2523 1317 2562 sine
1357 2522 1550 2561 mandato
1585 2521 1813 2573 apostolico
1848 2520 1962 2558 rela-
