2212 2876
1100 85 1168 126 66

979 141 1291 154 =.—-.———-·*—·--—-—·

200 231 399 275 Gncmlie.
435 230 544 283 quod
584 228 749 269 factum.
784 228 1003 282 gloriosus
1043 227 1230 267 marchio
1272 238 1548 267 morauorum.
1597 226 1845 274 Vctdz'zlaus.
1886 227 1928 267 in
1968 239 2073 268 con-

197 302 442 342 secratione
488 299 675 340 lucensis
716 297 915 337 ecclesie.
955 297 1297 349 sollempnizauit.
1350 296 1612 339 committens
1657 295 1839 348 pontifici
1878 297 2073 338 Ruberto

197 382 457 411 morauorum
498 367 949 409 excommunicandum.
997 366 1106 418 quod
1148 370 1190 405 et
1231 364 1383 406 factum
1430 368 1509 405 est.
1553 365 1721 405 adibitis
1760 367 1953 407 testibus.
1993 370 2074 407 tam

197 440 416 491 sollempni
463 438 686 478 collationi.
750 436 818 476 Ne
860 447 972 490 ergo
1015 435 1165 487 aliquis
1207 436 1471 475 temerarius.
1511 438 1591 474 tam
1639 435 1867 487 sollempne
1921 434 2074 477 factum

199 510 399 549 inii-ritum
433 510 646 560 presumat
678 504 905 545 deducere.
938 505 1198 544 uenerabilis
1232 504 1379 544 abhas.
1416 502 1580 556 prefate
1613 504 1812 544 ecclesie.
1839 505 2073 546 Gerardus.

198 579 373 618 adibere
413 580 562 617 testes.
612 579 654 615 et
695 575 883 626 presenti
931 575 1095 628 pagine
1143 573 1381 613 inscribere
1422 573 1678 625 procurauit.
1725 574 1890 614 nomina
1938 579 2075 616 autem

197 648 375 689 testium.
400 646 481 686 hec
506 647 622 685 sunt:
656 645 894 684 Imrammus
920 643 1191 683 castellanus.
1216 643 1433 682 Detricus.
1452 642 1748 682 Vernhardus.
1772 642 2074 684 Olverammus.

198 716 464 756 Prosimirus.
506 714 720 755 Heni-icus
763 713 907 752 iudex.
947 712 1174 764 Sepoldus.
1215 712 1468 752 Pomnenus.
1518 711 1670 751 Boiek.
1710 712 1880 752 Petrus.
1919 713 2074 753 Velen.

198 786 363 826 nomina
399 796 503 825 uero
544 784 806 823 clericorum.
847 782 1045 823 Sdizlaus
1085 781 1393 833 parrochianus
1434 781 1488 821 de
1530 781 1714 821 chatow.
1753 781 1981 822 Pertoldus
2022 782 2075 823 de

199 854 442 895 Oleczouic.
475 854 646 893 Petrus.
678 852 870 892 Marcus.
904 852 1136 891 Radzlaus.
1169 851 1362 890 Premisl.
1395 850 1613 891 Albertus.

512 971 567 1004 Ex
590 970 791 1012 originali
817 968 966 1011 ejusdem
989 970 1177 1001 monasterii
1202 970 1233 1000 in
1256 969 1390 1010 registr.
1409 977 1439 1001 c.
1453 979 1480 1000 r.
1495 967 1884 1010 Gubernii.—Sigi11um
1910 968 2077 1011 appendet

614 1022 824 1063 Heinrici,
861 1020 1110 1053 marchionis
1144 1020 1386 1064 Moraviae,
1423 1023 1592 1063 equestre,
1630 1019 1726 1062 cujus
1763 1023 1815 1052 est
1849 1022 1978 1063 insigne
2013 1021 2075 1053 leo

616 1072 877 1105 bieaudatus.

1054 1259 1214 1300 LVIII.

198 1362 413 1417 Premysl,
439 1376 524 1403 γεω
540 1364 812 1414 Βοθηιοηιηι,
838 1364 1018 1403 restituit
1039 1364 1296 1403 monasterio
1316 1358 1647 1405 Obsotessssowiensz·
1672 1363 1817 1403 villam
1839 1363 2075 1415 „Pheret”

854 1433 1006 1472 Actum
1039 1434 1231 1485 ,ΡΙ-(1906,
1272 1432 1424 1472 1213.

328 1526 388 1588 In
430 1544 596 1585 nomine
636 1547 786 1584 sancte
827 1548 869 1584 et
909 1544 1122 1584 indiuidue
1169 1545 1380 1584 trinitatis.
1445 1545 1548 1599 Ego
1589 1545 1771 1584 Premizl
1812 1544 1879 1584 dei
1920 1546 2075 1599 gracia

199 1627 278 1655 rex
311 1617 560 1655 Boemorum
585 1614 799 1654 uniuersis
828 1612 989 1655 Christi
1014 1612 1206 1653 fidelibus
1239 1618 1320 1654 tam
1350 1612 1475 1654 futuri
1511 1625 1632 1666 quam
1655 1614 1843 1654 moderni
1864 1616 2075 1667 temporis.

199 1685 410 1737 Equitatis
444 1684 557 1735 [sic]
592 1683 744 1738 exigit.
777 1686 822 1722 ut
855 1695 932 1722 nos
966 1684 1033 1735 qui
1068 1683 1147 1722 deo
1181 1683 1397 1737 largiente
1429 1684 1703 1735 print-lpatum
1742 1684 1852 1723 inter
1884 1683 2074 1725 homines

199 1753 340 1805 adepti
380 1764 523 1794 sumus
564 1763 617 1793 ea
658 1763 740 1805 que
780 1752 834 1791 ad
875 1752 1090 1792 utilitatem
1123 1764 1341 1792 seruorum
1383 1753 1475 1792 eius
1508 1753 1722 1803 pertinent
1761 1753 1940 1793 sollicite
1973 1765 2075 1805 pro-

199 1823 415 1862 nideamus
449 1825 491 1862 et
532 1821 744 1862 ecclesias
778 1821 869 1861 eius
910 1832 1136 1874 earumque
1169 1822 1470 1873 possessiones
1511 1824 1659 1861 nostra
1698 1822 2075 1873 circumspectione

199 1893 428 1931 muniamus
468 1895 615 1931 nostre
664 1891 939 1943 protectionis
979 1890 1115 1942 clipeo
1163 1888 1446 1930 defensemus.
1511 1890 1758 1930 Innotescat
1799 1902 1910 1946 ergo
1950 1893 2074 1932 uitam

200 1961 431 2015 agentibus
475 1964 517 2000 et
556 1961 695 2000 sciant
737 1961 911 2012 posteri.
953 1959 1062 2012 quod
1103 1972 1180 1999 nos
1221 1972 1295 2011 pro
1335 1958 1443 1999 fideli
1484 1960 1657 1999 seruitio
1698 1972 1774 2000 suo
1817 1961 1944 2000 nobili
1982 1962 2074 2002 uiro

202 2030 422 2070 Drizizlao
466 2030 617 2070 uillam.
666 2040 747 2082 que
796 2029 947 2069 dicitur
988 2028 1163 2068 Vherci.
1208 2028 1451 2068 tradidimus
1500 2029 1579 2067 sihi
1620 2029 1794 2081 suisque
1844 2030 2073 2069 heredibus

201 2100 291 2138 iure
317 2099 574 2138 hereditario
600 2098 911 2150 possidendam.
959 2098 1175 2138 Processu
1203 2099 1335 2153 igitur
1368 2098 1565 2148 temporis
1591 2098 1807 2148 predictus
1832 2098 2074 2138 Drizizlaus

202 2180 293 2208 cum
327 2167 447 2207 filiam
481 2180 598 2207 suam
631 2169 795 2208 nomine
835 2168 1014 2208 Helkam
1046 2168 1301 2207 matrimonio
1340 2167 1529 2206 traderet
1570 2168 1897 2218 prenominatam
1936 2167 2074 2207 uillam

201 2236 281 2277 filie
316 2237 570 2276 contradidit
603 2238 725 2276 etiam
758 2238 850 2277 iure
882 2237 1140 2276 hereditario
1174 2236 1485 2288 possidendam.
1549 2237 1720 2277 Mortuo
1754 2237 1921 2276 tandem
1954 2240 2074 2288 patre

202 2312 243 2345 et
287 2307 411 2345 etiam
452 2307 598 2345 marito
639 2310 864 2357 pretaxate
906 2310 1109 2346 matrone.
1153 2317 1242 2344 rum
1284 2316 1363 2344 nec
1404 2316 1626 2355 puerorum
1667 2306 1816 2346 solatio
1857 2306 2073 2357 potiretur.

202 2376 356 2426 placuit
396 2375 434 2415 ei
477 2374 667 2414 mundum
708 2381 749 2414 et
791 2387 855 2414 ea.
899 2386 980 2427 que
1023 2375 1157 2414 mundi
1199 2379 1306 2413 sunt.
1346 2374 1601 2426 relinquere.
1643 2379 1685 2414 et
1725 2375 1777 2414 ad
1818 2375 2072 2414 consortium

201 2456 403 2483 sororum.
446 2455 526 2495 que
568 2443 647 2483 deo
689 2445 726 2482 in
771 2445 955 2483 claustro
1005 2445 1111 2496 quod
1155 2445 1304 2484 dicitur
1349 2443 1566 2483 Hotessov
1614 2445 1848 2495 mancipate
1889 2448 1984 2482 sunt
2023 2453 2074 2483 se

201 2514 384 2552 contulit.
417 2513 553 2553 uillam
586 2515 730 2563 sepius
765 2513 913 2552 dictam
948 2525 1088 2553 coram
1117 2512 1303 2554 Roberlo
1336 2513 1537 2565 episcopo
1562 2514 1840 2554 lllorauiensi.
1874 2517 1915 2552 et
1949 2512 2071 2553 nobi-
