2212 2876
1048 121 1148 163 189

159 269 285 307 tatem
318 265 450 317 ipsius
491 265 624 305 eidem
658 265 815 305 clerico
857 264 910 305 ad
943 276 1096 316 preces
1138 264 1235 304 dicti
1268 263 1404 319 legati
1445 263 1679 318 concessit3
1720 266 1762 304 et
1793 264 1890 304 licet
1923 276 2030 316 pen-

159 336 320 375 sionem
353 334 530 374 eandem
570 335 649 374 sibi
684 335 920 386 promiserit
959 333 1191 373 liberaliter
1223 345 1272 373 se
1313 334 1436 373 annis
1475 334 1660 388 singulis
1703 333 1945 387 soluturum⁷
1978 334 2031 373 de

159 404 251 454 ipsa
285 407 423 442 tamen
456 403 580 442 nichil
614 401 690 442 fuit
722 404 759 443 ei
793 414 870 454 per
902 402 1110 442 biennium
1144 403 1412 453 persolutum.
1476 403 1599 445 Unde
1640 402 1797 442 eisdem
1832 403 2032 454 episcopo

159 476 202 512 et
234 472 414 523 capitulo
458 474 612 512 nostris
647 472 790 512 damus
830 473 979 511 litteris
1013 472 1055 511 in
1088 471 1305 526 mandatis7
1345 475 1387 511 ut
1428 471 1660 511 exhibeant
1699 471 1834 511 eidem
1874 471 2031 511 clerico

157 544 239 581 tam
279 541 496 592 prebende
540 541 651 581 dicte
692 540 866 596 fructus⁷
906 553 1025 593 quam
1065 541 1308 592 pensionem
1356 541 1453 580 anni
1492 541 1682 592 preteriti
1722 544 1764 580 et
1802 541 2031 594 presentis7

158 620 209 649 ac
243 609 446 661 deinceps
470 611 732 663 procuratori
767 612 858 650 eius
887 623 963 649 suo
998 613 1161 649 nomine
1195 609 1247 649 de
1273 610 1491 661 prebenda
1525 613 1566 650 et
1591 611 1796 661 pensione
1829 609 2030 662 predictis

158 678 422 730 respondere
457 683 695 730 procurent.
762 679 853 728 Quo
896 681 1011 719 circa
1051 679 1263 718 dilectioni
1303 682 1448 718 vestre
1489 690 1565 730 per
1605 679 1838 729 apostolica
1869 679 2030 729 scripta

159 748 432 799 precipiendo
466 749 722 802 mandamus7
757 753 978 802 quatenus7
1012 748 1048 787 si
1076 748 1174 787 dicti
1208 748 1434 799 episcopus
1468 751 1510 787 et
1542 748 1763 799 capitulum
1795 747 2030 787 mandatum

158 821 344 856 nostrum
386 817 661 871 neglexerint
700 817 942 870 adimplere,
982 829 1061 856 vos
1102 828 1175 855 eos
1215 816 1266 856 ad
1308 816 1346 855 id
1391 818 1641 856 auctoritate
1681 821 1825 857 nostra
1864 816 2029 856 sublato

158 885 449 937 appellationis
491 886 778 937 impedimento
820 887 1005 940 cogatis.
1080 884 1276 926 Ceterum
1330 886 1489 939 sciatis7
1531 885 1639 937 quod
1681 916 1690 925 .
1731 915 1741 925 .
1785 916 1793 925 .
1835 886 2029 925 abbatem

159 959 310 994 sancte
344 956 484 994 crucis
510 953 814 995 Cisterciensis
848 954 1006 994 ordinis
1033 954 1304 994 Patauiensis
1340 955 1538 1005 dyocesis
1565 966 1642 1006 per
1674 955 1837 994 litteras
1861 958 2029 994 nostras

160 1024 422 1078 rogauimus7
464 1027 508 1063 ut
542 1024 730 1075 predicta
770 1024 876 1063 illius
910 1025 1073 1063 nomine
1113 1024 1292 1074 recipiat
1333 1025 1557 1078 annuatim7
1598 1028 1640 1063 et
1679 1022 1855 1063 fideliter
1887 1028 2030 1063 trans-

159 1093 290 1132 mittat
340 1093 487 1132 eidem.
554 1093 704 1132 Datum
752 1094 885 1132 Rome
934 1097 1033 1144 aput
1082 1097 1271 1132 sanctum
1319 1092 1489 1132 Petrum
1536 1094 1610 1132 ΙΙΙ.
1660 1093 1807 1133 Nonas
1857 1093 2030 1144 ApriliS.

159 1159 429 1202 pontificatus
462 1163 594 1201 nostri
627 1174 736 1201 anno
770 1161 973 1202 secundo.

470 1288 645 1321 Fischer
669 1287 870 1320 Schicksale
895 1298 957 1320 von
982 1286 1034 1320 Kl.
1060 1288 1220 1331 Neuhurg
1244 1288 1326 1322 Urk.
1351 1288 1445 1320 Buch
1470 1297 1546 1330 pag.
1577 1287 1661 1320 ¹8⁴.

954 1499 1224 1541 CLXXXV.

159 1602 373 1654 premysl,
416 1604 487 1655 qui
525 1606 563 1643 el
595 1602 823 1655 otakarus,
863 1616 947 1642 rear
986 1604 1259 1653 Boemorum,
1300 1604 1522 1656 confirmat
1554 1603 1847 1656 fundationem
1878 1615 2029 1643 mona-

158 1673 277 1712 sterii
311 1672 642 1723 Oslowanensis,
677 1685 701 1711 (ι
734 1672 865 1712 nobili
892 1676 1082 1712 vnalrona
1115 1672 1326 1712 Heilwide
1348 1673 1522 1725 factam,
1557 1677 1594 1711 el
1625 1672 1848 1724 libertates,
1881 1672 2029 1725 quibus

157 1742 455 1780 monaster-ima
483 1740 713 1780 meleha-ad
731 1742 908 1794 fruitur,
937 1741 1138 1781 concedit.
1181 1743 1251 1781 Dt.
1276 1741 1478 1782 Oslowaem
1508 1742 1606 1782 1'11.
1633 1742 1738 1781 Idus
1763 1741 2028 1793 Novembris,

288 1902 349 1963 In
389 1921 552 1961 nomine
592 1926 740 1962 sancte
780 1922 975 1962 trinitatis
1016 1926 1058 1962 et
1096 1922 1307 1963 indiuiduo
1348 1922 1532 1962 unitatis.
1595 1923 1697 1977 Ego
1740 1922 1919 1962 Premizl
1961 1924 2030 1975 qui

159 1995 200 2031 et
233 1990 459 2030 othacarus
492 1992 650 2030 tercius
685 2003 764 2032 rex
797 1993 1057 2032 Boemorum.
1114 1992 1297 2034 cenobio
1330 1993 1374 2031 in
1405 1992 1516 2032 valle
1548 2004 1582 2030 s.
1615 1993 1758 2032 Mar-ie
1790 1993 2028 2032 constituto.

159 2049 201 2099 et
240 2060 281 2098 in
323 2070 373 2098 eo
427 2059 688 2114 degentibus
736 2062 775 2100 in
817 2066 1073 2112 perpetuum.
1137 2059 1241 2102 Cum
1289 2061 1482 2115 regalem
1525 2060 1678 2100 deceat
1725 2062 2028 2101 excellenciam

158 2129 369 2168 uenerari.
412 2132 453 2167 et
494 2140 742 2180 promouere
785 2135 972 2170 sanctam
1019 2132 1060 2170 in
1101 2130 1288 2170 omnibus
1330 2129 1567 2169 ecclesiam.
1608 2141 1843 2185 congruum
1883 2134 2028 2170 nostre

160 2197 294 2236 uisum
333 2194 408 2236 fuit
441 2198 670 2238 clemencie
704 2199 743 2238 id
777 2200 940 2239 iniciari
984 2202 1026 2239 et
1067 2199 1220 2251 exequi
1262 2198 1370 2250 quod
1409 2202 1554 2238 nostre
1593 2200 1813 2238 serenitati
1853 2199 2030 2239 cederet

158 2265 210 2305 ad
253 2267 452 2305 meritum.
493 2270 535 2306 et
573 2271 722 2308 sancte
761 2269 905 2308 matris
949 2268 1135 2308 ecclesie
1176 2268 1379 2307 transiret
1411 2267 1463 2307 ad
1505 2271 1759 2319 prouectum.
1824 2268 1887 2308 lbi
1920 2269 2027 2307 enim

158 2338 277 2374 recte
304 2334 495 2374 locantur
520 2334 740 2376 beneficia.
764 2337 834 2377 ubi
860 2341 1061 2378 crescunt
1089 2337 1249 2376 merita.
1289 2337 1352 2376 lbi
1377 2335 1580 2376 decenter
1604 2337 1834 2388 impertitur
1861 2338 2026 2392 gracia.

157 2403 226 2442 ubi
268 2414 358 2443 cum
399 2405 567 2455 premiis
607 2405 835 2446 cumulatur
875 2406 1030 2461 gloria.
1093 2406 1301 2446 Nouerint
1340 2406 1481 2458 itaque
1520 2409 1601 2445 tam
1641 2410 1866 2457 presentes
1907 2417 2027 2458 quam

158 2470 295 2512 futuri.
329 2484 407 2512 nos
441 2473 646 2526 quoddam
670 2477 963 2516 monasterium
996 2475 1228 2515 monialium
1254 2472 1558 2516 cisterciensis
1592 2475 1763 2515 ordinis.
1797 2487 1821 2514 a
1850 2474 2027 2527 quadam

159 2541 285 2581 nobili
317 2545 506 2582 matrona
539 2546 683 2584 nostra
717 2543 879 2586 domina
909 2544 1097 2585 Helwidi
1128 2556 1186 2585 ex
1218 2555 1431 2585 consensu
1464 2547 1609 2585 nostro
1644 2548 1685 2584 et
1711 2544 2025 2596 approbacione
