2212 2876
995 105 1158 166 308

860 297 873 306 ,
903 257 911 261 -·
926 255 949 302 ·.
972 245 1226 307 ‚cccxix

169 343 395 393 Roberms,
419 344 642 396 episcopus
663 336 970 394 Olonmceiisis,
990 344 1241 395 appropriat
1260 343 1515 382 monasterio
1536 342 1831 383 Oslowcmensz·
1854 343 2040 385 decima-s·

407 425 465 451 eoe
498 411 689 451 omnibus
724 412 815 450 suis
845 403 1218 488 ’7)03..3833ῗοηὶὺη3.ὲ
1237 413 1337 475 DI.
1372 411 1610 463 Cremuti,
1651 412 1803 452 1235.

298 505 359 566 ln
393 524 555 563 nomine
589 508 738 563 sancte
779 494 996 581 trinitatis
1003 526 1059 581 et
1088 500 1301 564 indiuidue
1340 523 1523 563 unitatis.
1587 524 1689 578 Ego
1722 524 1939 564 Rubertus
1973 525 2041 564 dei

168 595 323 649 glacia
357 592 649 634 olomucensis
693 592 949 643 episcopus·
939 572 1119 632 dilectis
1160 594 1200 632 in
1235 591 1406 633 Christo
1447 591 1609 632 filiabus
1644 593 1860 633 abbatisse
1895 598 1937 634 et
1967 595 2042 634 toti

170 662 543 703 sanctimonialium
578 661 801 700 cornuentui
828 661 951 700 vallis
985 666 1134 701 sancte
1167 662 1308 701 Mai-ie
1341 662 1381 701 in
1409 660 1517 701 Ozla
1551 660 1852 702 Cistelciensis
1886 663 2043 703 ordinis

170 731 461 773 olomucensis
496 731 679 770 diocesis
720 731 759 770 in
794 735 1050 782 perpetuum.
1090 732 1199 771 inter
1232 743 1362 782 opera
1403 731 1595 770 karitatis
1637 731 1837 783 precipue
1877 736 2042 772 constat

170 801 440 841 affectuosius
474 801 693 855 religiosis
728 801 924 851 personis
958 800 1287 839 misericorditer
1311 800 1554 839 subuenire.
1587 802 1631 839 ut
1657 799 1736 839 deo
1769 801 2040 841 militantibus

167 872 304 911 victus
338 874 380 910 et
421 871 599 910 vestitus
640 869 923 921 prouideatnr.
965 873 1007 909 et
1046 870 1163 909 locus
1198 871 1307 909 inter
1339 870 1539 908 iustorum
1581 870 1753 922 agmina
1787 874 2039 921 preparetur

169 944 355 980 eternus.
396 938 525 980 'Cum
558 940 690 993 igitur
723 950 780 977 ex
813 937 933 978 officii
967 939 1101 978 nostri
1141 938 1280 978 debito
1314 936 1574 977 benefacere
1608 939 1793 992 singulis
1824 942 2042 979 teneamur

168 1010 248 1049 illis
288 1009 515 1060 specialius
563 1008 763 1048 debemus
807 1019 857 1046 ac
898 1007 1088 1048 volumus
1137 1007 1376 1060 prouidere.
1421 1008 1490 1059 qui
1536 1008 1760 1061 religionis
1806 1008 2041 1059 approbate

168 1065 302 1119 vitam⁴
338 1082 378 1118 et
412 1078 592 1117 habitum
634 1081 731 1118 sunt
763 1075 946 1128 professi
990 1081 1031 1116 et
1061 1089 1137 1128 pro
1181 1080 1292 1117 statu
1325 1077 1462 1116 tocius
1505 1077 1691 1116 ecclesie
1725 1076 1792 1116 die
1832 1081 2041 1130 noctuque

168 1148 330 1188 domino
374 1147 452 1187 deo
495 1146 768 1197 supplicando
810 1146 1012 1185 deuocius
1053 1144 1314 1185 famulantur.
1381 1145 1473 1194 Quo
1515 1147 1632 1184 circa
1675 1157 1751 1186 nos
1792 1149 2039 1186 conuentum

168 1221 210 1257 et
244 1217 401 1256 domum
446 1217 485 1255 in
520 1216 622 1256 uzia
664 1220 857 1267 tanquam
891 1213 1011 1255 filiam
1051 1215 1278 1266 specialem
1312 1215 1482 1254 sincere
1523 1215 1767 1254 dileccionis
1810 1215 1918 1254 ulnis
1952 1228 2041 1255 am-

167 1286 390 1337 plexantes
425 1289 466 1324 et
500 1283 706 1324 defectum
730 1296 781 1324 ac
810 1285 1110 1324 necessitatem
1143 1285 1273 1335 ipsius
1305 1283 1448 1323 domus
1484 1284 1730 1338 diligentius
1755 1284 2039 1323 attendentes.

169 1359 210 1395 et
244 1355 469 1395 karitative
503 1354 702 1405 supplere
737 1355 957 1405 cupientes
983 1358 1155 1405 propter
1189 1353 1330 1393 divine
1363 1354 1531 1404 pietatis
1565 1353 1964 1392 remuneracionem.
1999 1357 2040 1393 et

168 1426 350 1476 ipsarum
393 1423 761 1463 sanctimonialium
795 1424 1032 1462 oracionum
1072 1423 1332 1462 instanciam.
1374 1433 1453 1461 nec
1494 1433 1575 1461 non
1618 1424 1659 1461 et
1700 1422 1949 1472 peticionem
1989 1432 2039 1460 ac

168 1493 716 1545 specialem,<dileccionem
763 1492 913 1532 nobilis
960 1496 1147 1532 matrone
1197 1491 1359 1532 nomine
1409 1491 1655 1545 Heilwigis.
1706 1501 1787 1542 que
1825 1488 2040 1530 fundatrix

169 1562 356 1603 eiusdem
383 1557 538 1602 domus
582 1562 826 1602 dinoscitur.
867 1561 1051 1600 decimas
1093 1561 1334 1616 integrales
1375 1561 1550 1599 omnium
1591 1560 1781 1599 villarum
1821 1563 1863 1599 et
1896 1560 2039 1599 eccle-

168 1633 324 1672 siarum
358 1632 398 1671 in
432 1632 567 1686 agris.
609 1631 760 1670 vineis
796 1630 1042 1670 animalibus
1082 1631 1176 1669 sive
1211 1630 1462 1682 quibuslibet
1502 1641 1648 1669 usuum
1688 1627 1892 1668 fructibus
1934 1639 2040 1680 quo-

169 1712 334 1753 cunque
368 1703 626 1741 censeantur
659 1700 880 1739 vocabulo.
915 1711 1019 1751 quas
1053 1701 1184 1750 ipsum
1211 1700 1505 1738 monasterium
1538 1698 1590 1737 ad
1625 1708 1805 1749 presens
1839 1697 2039 1748 possidet.

169 1775 211 1810 et
244 1771 283 1809 in
316 1773 528 1822 posterum
560 1781 636 1821 per
667 1769 948 1823 largicionem
982 1770 1209 1820 principum
1243 1780 1321 1808 seu
1360 1768 1574 1808 baronum.
1610 1767 1679 1807 vel
1711 1778 1788 1818 per
1821 1766 2040 1817 emptionis

167 1839 327 1879 modum
367 1843 438 1879 aut
478 1839 816 1878 commutacionis
856 1839 950 1877 sive
991 1838 1068 1876 sub
1112 1837 1335 1877 cuiuslibet
1384 1837 1622 1876 occasionis
1663 1837 1861 1887 pretextu
1902 1837 2039 1874 testa-

170 1910 317 1949 mentis
353 1920 517 1960 quoque
559 1907 859 1947 decedencium
898 1907 938 1945 in
973 1907 1226 1958 quibuslibet
1266 1907 1496 1957 provinciis
1537 1908 1682 1945 nostre
1715 1904 1899 1944 diocesis
1939 1914 2039 1955 per-

170 1978 393 2029 petualiter
427 1988 722 2029 possessurum
756 1976 847 2015 erit.
877 1976 927 2015 ad
963 1987 1065 2015 usus
1092 1979 1132 2015 et
1166 1975 1523 2015 sustentacionem
1557 1974 1795 2026 ampliorem
1827 1973 1927 2013 inibi
1962 1973 2040 2019 deo

170 2047 450 2088 serviendum
485 2047 617 2086 libere
644 2051 686 2085 et
711 2045 904 2085 absolute
932 2056 1036 2096 sepe
1071 2032 1181 2085 dicte
1207 2045 1339 2084 domui
1370 2045 1410 2084 in
1442 2046 1687 2095 perpetuum
1712 2041 2041 2084 misericorditer

169 2127 220 2156 ac
254 2115 484 2155 liberaliter
524 2115 713 2154 duximus
757 2114 1067 2154 concedendas.
1110 2114 1190 2154 hoc
1222 2118 1362 2154 tamen
1402 2112 1628 2153 omnimodo
1669 2111 1959 2165 providentes,
1998 2114 2042 2151 ut

171 2184 359 2225 omnibus
409 2185 640 2235 capellanis
688 2184 838 2236 quibus
885 2183 1097 2223 ecclesias
1155 2195 1256 2222 suas
1303 2180 1500 2222 conferre
1552 2181 1772 2222 voluerint.
1822 2179 2041 2231 prebenda

171 2253 385 2294 sufficiens
420 2253 651 2304 deputetur.
694 2258 735 2293 et
767 2253 847 2292 hoc
889 2253 984 2292 ideo
1017 2251 1204 2292 fecimus.
1248 2252 1343 2303 quia
1378 2254 1531 2304 quanto
1566 2254 1632 2290 est
1670 2248 1866 2304 fragilior
1899 2253 1940 2289 et
1972 2252 2040 2288 te-

171 2324 315 2363 nerior
347 2333 480 2361 sexus
521 2323 732 2362 muliebris
767 2322 919 2366 divinis
960 2323 1218 2373 mancipatus
1253 2319 1411 2363 officiis.
1451 2324 1566 2360 tanto
1607 2319 1873 2370 amplioribus
1914 2318 2041 2357 debet

171 2393 320 2432 vallari
353 2389 568 2431 beneficiis
602 2395 642 2430 et
677 2392 782 2430 tueri
817 2389 1027 2442 presidiis.
1087 2391 1143 2433 Ut
1175 2391 1308 2444 igitur
1340 2389 1421 2429 hec
1454 2393 1599 2428 nostra
1633 2388 1808 2428 donacio
1843 2385 1955 2426 firma
1986 2387 2042 2426 sit

172 2466 213 2501 et
246 2461 420 2501 stabilis.
456 2472 535 2500 nec
569 2472 644 2511 per
671 2461 847 2512 aliquem
881 2471 1176 2500 successorum
1206 2450 1440 2499 nostrorum
1475 2458 1616 2498 valeat
1646 2458 1688 2496 in
1715 2459 1925 2508 posterum
1958 2455 2038 2494 ali-

172 2534 377 2582 quatenus
413 2530 625 2570 revocari.
660 2540 736 2569 nos
769 2530 897 2581 ipsam
932 2529 1205 2569 donacionem
1240 2533 1279 2568 et
1305 2527 1551 2567 donacionis
1585 2526 1817 2566 memoriam
1851 2523 2038 2576 presenti
