2212 2876
988 89 1201 151 ἡκ*138

205 236 335 276 rebus
369 234 423 275 ad
451 235 676 275 ecclesiam
711 233 998 284 baptismalem
1022 232 1331 284 pertinentibus
1364 243 1448 271 non
1481 230 1676 271 obstante
1702 231 1843 284 aliqua
1875 231 2083 271 reclama-

206 307 329 346 cione
362 306 620 356 inposterum
646 304 833 343 ecclesie
859 303 912 342 de
937 303 1175 343 Podevvin.
1209 313 1291 354 que
1315 305 1502 352 tempore
1526 301 1871 341 consecracionis
1897 301 2084 342 ecclesie

205 375 258 414 de
292 374 466 415 Prikluk
500 374 611 413 nulla
637 370 724 411 fuit.
759 373 856 424 quia
890 373 982 423 ipsa
1009 371 1197 412 ecclesia
1231 371 1284 410 de
1316 370 1514 410 Podiwin
1542 381 1632 409 cum
1667 371 1775 410 omni
1806 372 2084 422 possessione

203 444 416 484 adiacenti
448 444 649 495 precipue
683 444 725 481 et
757 441 1025 481 inmedietate
1049 444 1217 492 spectat
1251 439 1304 480 ad
1339 440 1565 480 ecclesiam
1590 438 1951 480 Olomuncensem.
1985 441 2085 481 licet

204 515 243 553 ei
285 525 363 565 per
403 515 650 565 potestatem
698 511 889 550 laicalem
937 511 1148 550 uiolencia
1199 510 1253 549 sit
1292 509 1418 548 illata.
1469 512 1511 549 et
1558 509 1745 549 ecclesia
1787 509 1839 549 de
1878 510 2085 551 Podewin

203 593 423 634 numquam
456 592 534 632 per
567 592 644 620 nos
677 591 758 620 nec
791 591 868 631 per
901 584 1205 619 antecessores
1246 582 1414 618 nostros
1449 576 1573 618 suerit
1605 579 1789 619 limitata.
1853 579 1914 619 Vt
1946 582 2084 620 autem

202 651 283 690 hec
317 654 409 690 rata
452 655 494 690 et
527 648 642 689 firma
682 653 970 701 permaneant.
1004 654 1245 701 presentem
1286 649 1491 703 paginam
1534 648 1667 702 sigilli
1701 649 1832 688 nostri
1864 649 2084 690 munimine

201 719 376 760 fecimus
417 719 670 759 communiri.
734 719 871 758 Huius
912 722 1048 759 autem
1088 719 1151 758 rei
1184 722 1320 758 testes
1360 717 1414 757 ad
1448 717 1528 757 hoc
1568 718 1707 758 uocati
1748 721 1790 757 et
1828 720 1871 758 in
1914 729 2084 770 quorum

202 790 427 842 presencia
453 789 535 829 hec
563 791 659 828 acta
687 792 797 829 sunt.
847 787 956 829 Sunt
981 788 1038 827 hii
1064 788 1316 828 Herbordus
1339 787 1548 840 plebanus
1575 787 1627 827 de
1649 787 1877 839 podevvin.
1903 786 2084 829 Adolfus

201 860 409 912 plebanus
452 858 505 898 de
546 859 840 913 gerenowicz.
882 858 1112 897 Heinricus
1155 858 1363 909 plebanus
1405 857 1458 897 de
1499 857 1635 896 vrbiz.
1676 857 1839 898 Albero
1874 857 2083 909 plebanus

202 928 255 969 de
280 928 495 983 Sheghat.
529 928 751 982 Magister
776 927 1033 982 Gregorius.
1068 927 1206 967 Wido
1232 927 1361 967 iudex
1391 927 1444 967 de
1469 928 1646 978 poratiz.
1681 925 1928 967 Gotefridus
1954 927 2084 968 iudex

202 999 255 1039 de
295 999 515 1039 Podewin.
558 999 796 1038 Brestanus
839 1001 880 1037 et
919 995 1052 1037 frater
1094 998 1186 1036 eius
1220 996 1462 1037 wicardus
1504 996 1557 1036 de
1590 996 1807 1051 Sheghat.
1842 996 2084 1037 Adamarus

203 1071 245 1107 et
277 1066 410 1107 frater
443 1069 534 1107 eius
566 1067 769 1119 Lipertus
803 1067 856 1106 de
881 1066 1099 1122 Izgruobi.
1147 1067 1272 1106 Anno
1306 1066 1529 1106 Millesimo
1556 1066 1844 1106 ducentesimo
1878 1067 2083 1106 uicesimo

201 1137 404 1178 secundo.

519 1237 573 1269 Ex
603 1237 800 1278 originali
838 1235 986 1277 ejusdem
1019 1237 1207 1267 monasterii
1235 1237 1322 1278 sign.
1358 1235 1399 1267 E.
1428 1234 1465 1267 2.
1499 1254 1542 1258 -
1576 1234 1874 1278 Apographum
1905 1237 1936 1268 in
1965 1235 2082 1269 codice

619 1287 1120 1322 Welel1radensiMs.fol.
1144 1286 1210 1321 20.

1018 1472 1269 1515 CXXXVI.

205 1579 427 1631 [zober-tas,
462 1579 688 1632 episcopus
730 1578 1039 1631 olomuc-ensis,
1074 1580 1289 1621 altestatur
1330 1578 1597 1618 limitationes
1626 1577 1906 1631 fimdatarum
1940 1580 2078 1619 eccle-

233 1651 396 1689 siarum
429 1650 474 1688 in
505 1649 710 1688 Frisawa
751 1652 789 1688 ec
821 1648 1040 1701 Prjlclulry
1070 1661 1157 1688 τιηα
1196 1661 1289 1687 cum
1324 1649 1598 1687 concessione
1625 1648 1748 1700 juris
1784 1647 2051 1700 parochialis

940 1717 1111 1757 eisdem.
1182 1717 1335 1757 1222.

331 1812 579 1882 Rvpertus
629 1829 697 1870 dei
747 1830 902 1885 gracia
949 1830 1176 1881 episcopus
1223 1829 1527 1870 olomucensis.
1593 1828 1791 1869 Omnibus
1839 1835 2082 1880 presentem

202 1902 404 1956 paginam
453 1900 711 1952 inspecturis
760 1900 1065 1950 inperpetuum.
1129 1899 1338 1938 Nouerint
1386 1902 1466 1938 tam
1514 1903 1742 1949 presentes
1786 1909 1907 1950 quam
1956 1896 2080 1939 futuri

203 1971 310 2023 quod
346 1981 424 2010 nos
450 1970 638 2009 ecclesie
672 1968 725 2009 de
757 1970 955 2008 vriesscm
987 1972 1127 2008 certos
1167 1968 1316 2008 limites
1350 1969 1618 2020 inposuimus.
1653 1972 1694 2007 et
1727 1979 1818 2007 eam
1851 1968 2082 2009 secundum

206 2040 316 2092 quod
341 2043 505 2079 cautum
539 2043 607 2079 est
639 2039 681 2086 in
713 2039 853 2078 sacris
887 2038 1121 2079 canonibus
1154 2039 1426 2078 limitauimuS.
1461 2037 1745 2077 decernentes
1778 2041 1822 2078 ut
1855 2039 1947 2088 ipsa
1981 2038 2081 2078 uilla

204 2111 294 2150 iure
327 2109 582 2160 parrochiali
615 2108 668 2148 ad
710 2120 800 2148 eam
834 2112 1012 2159 spectet.
1054 2108 1239 2150 decimas
1278 2118 1422 2147 omnes
1465 2106 1745 2146 adnectentes
1785 2107 1933 2146 eidem.
1973 2119 2079 2147 nec.-

204 2191 287 2219 non
312 2178 580 2229 sepulturam.
611 2181 653 2218 et
677 2179 812 2217 omnia
847 2179 938 2217 iura
965 2177 1198 2228 spiritualia
1222 2187 1303 2228 que
1337 2176 1523 2216 ecclesie
1549 2176 1804 2228 parrochiali
1830 2180 2079 2228 competunt.

203 2252 438 2288 statuentes
473 2247 605 2286 eidem
639 2248 795 2287 illibata
829 2247 1091 2287 conseruari.
1156 2246 1315 2286 Eodem
1349 2246 1439 2285 iure
1472 2246 1733 2285 limitauimus
1767 2246 1992 2285 ecclesiam
2027 2245 2079 2286 de

204 2315 405 2358 Priklulc.
438 2317 574 2355 uillam
610 2316 662 2356 de
695 2318 943 2357 Massouvtz.
978 2314 1084 2355 infra
1119 2317 1319 2356 terminos
1354 2315 1539 2355 eiusdem
1581 2315 1767 2354 ecclesie
1803 2315 2077 2355 includentes.

206 2388 296 2426 iure
338 2386 594 2437 parrochiali
635 2397 725 2425 eam
767 2386 1028 2425 sufficientes
1069 2387 1215 2426 eidem.
1254 2385 1449 2424 uolentes
1491 2389 1532 2424 et
1565 2388 1802 2424 statuentes
1844 2388 1888 2424 ut
1921 2384 2078 2423 habeat

204 2457 268 2495 ius
301 2455 556 2506 baptizandi.
591 2455 839 2505 sepeliendi.
874 2459 916 2496 et
940 2466 1081 2494 earum
1116 2465 1253 2494 rerum
1286 2458 1366 2493 tum
1402 2455 1442 2493 in
1471 2454 1643 2493 decimis
1678 2457 1759 2493 tum
1793 2455 1835 2493 in
1868 2454 1962 2492 aliis
1997 2464 2077 2504 que

204 2529 399 2576 spectant
422 2524 473 2563 ad
502 2524 726 2563 ecclesiam
746 2524 1046 2576 baptismalem.
1065 2536 1146 2564 non
1174 2524 1370 2564 obstante
1395 2524 1534 2576 aliqua,
1557 2523 1867 2563 reclamacione
1894 2522 2079 2562 ecclesie
