2212 2876
1055 113 1159 155 355

169 257 399 310 diliqendis
432 270 484 298 ac
511 255 748 308 diriyendis
781 257 971 297 caritatis
997 256 1194 310 operibus
1226 256 1457 298 secundum
1485 257 1733 309 reli-aionem
1761 257 1864 311 fidei
1893 258 2043 299 catho-

168 328 248 368 lice
281 326 529 367 deuociores
561 327 757 366 conuenit
786 327 985 378 inueniri,
1020 328 1060 366 et
1084 327 1305 379 potissime
1335 327 1379 366 in
1411 326 1510 379 liiis,
1543 338 1623 378 que
1653 325 1712 366 ad
1742 338 1848 379 opus
1882 327 2041 368 cla-isto

168 396 334 437 cottidie
368 397 678 450 famulancium
710 396 755 436 in
791 397 888 448 pias
922 407 1077 435 causas
1120 398 1159 435 et
1188 395 1318 436 bonos
1349 408 1455 435 usus
1492 395 1824 435 misericorditer
1857 408 2041 436 conuer-

166 469 322 506 tuntur.
383 467 500 506 Hinc
549 468 625 517 est,
665 464 778 517 quod
821 465 1038 505 uniuersis
1079 464 1241 506 Christi
1283 464 1479 518 fidelibus
1519 467 1601 504 tam
1647 464 1877 517 modernis,
1916 478 2040 518 quam

163 536 347 588 posteris
386 536 537 587 scripti
573 533 700 574 leuius
738 535 1050 587 inspeccionem
1101 537 1141 573 et
1177 535 1343 587 copiam
1382 533 1590 574 habituris
1631 533 1900 574 eoeliibicione
1936 547 2041 588 pre-

166 606 354 644 sencium
388 604 594 644 duoeimus
626 602 944 644 declarandum.
1007 603 1218 654 Quoniam
1251 615 1337 643 una
1370 615 1464 642 cum
1494 603 1636 656 fratre
1667 606 1812 643 nostro
1844 604 2044 645 Premizl

165 674 323 714 illustri
355 672 600 713 marchione
638 674 840 713 Jlorauie
871 671 930 712 ad
966 673 1063 725 pias
1093 684 1245 724 preces
1277 672 1444 712 domine
1483 685 1535 712 ac
1566 673 1714 712 matris
1746 675 1890 712 nostre
1922 673 1963 715 C
2017 696 2042 705 -

165 744 325 783 stancie
365 743 507 782 inclite
546 743 693 794 reyine
730 742 907 782 Boemie
946 753 1027 794 pro
1063 740 1289 795 fundando
1329 742 1584 781 monasterio
1621 742 1870 782 monialium
1905 744 2042 795 yrisei

164 812 329 852 ordinis
363 813 406 851 in
439 812 544 863 loco,
579 813 650 863 qui
684 811 913 851 Tusnowiz
945 810 1113 862 dicitur,
1146 811 1387 850 Brunensis
1420 809 1649 861 districtus,
1684 822 1779 850 cum
1811 810 2042 852 deuocione

165 894 217 920 ac
249 880 539 920 benivolencia
579 882 659 920 toto
699 881 840 920 animo
879 879 1084 931 inclinati,
1127 882 1209 918 tam
1234 878 1454 919 ‘laudabili
1492 880 1720 919 intencioni
1754 879 2040 932 fauorabilem

167 949 439 990 eJ'liibuimus
472 963 525 989 ac
556 947 780 1001 beniqnum
812 947 943 988 hilari
975 947 1225 1008 iiberalitate
1256 942 1531 999 consensum,-
1564 946 1612 988 id
1639 948 1935 1001 principaliter
1967 950 2038 989 in-

164 1022 335 1071 tuentes,
369 1020 566 1071 quoniam
589 1020 818 1071 pretaoeata
851 1017 1178 1064 domina3mater
1209 1019 1357 1056 nostra
1389 1019 1472 1056 tam
1501 1028 1583 1070 pro
1615 1020 1761 1057 nostra
1790 1019 2041 1070 proqenito-

163 1100 338 1141 rumque
369 1090 624 1138 nostrorum,
657 1099 781 1139 quam
809 1098 893 1140 pro
924 1087 1061 1127 salute
1088 1087 1268 1139 propria
1300 1085 1532 1138 sumptibus
1565 1086 1825 1138 laryissimis
1856 1088 1902 1126 in
1932 1088 2040 1140 ipsis

164 1156 462 1197 claustralibus
495 1156 674 1209 edificiis
707 1157 799 1195 sine
830 1156 1140 1195 intermissione
1172 1154 1339 1195 laborat
1367 1155 1425 1195 ad
1456 1156 1864 1195 consummacionem
1897 1157 2040 1209 operis

161 1224 361 1265 inchoati.
425 1226 635 1276 Quoniam
674 1236 777 1264 rero
816 1225 1093 1276 semiplenum
1134 1223 1312 1275 ridetur,
1354 1223 1468 1276 quod
1497 1225 1589 1263 sine
1628 1223 1871 1264 adieccione
1902 1225 2038 1265 relin-

162 1295 314 1347 quitur,
360 1306 440 1334 nos
479 1294 690 1347 beneficiis
729 1292 944 1345 regalibus
983 1305 1177 1332 crescere
1216 1294 1429 1346 cupientes
1470 1294 1674 1333 uniuersa
1714 1292 1821 1333 bona
1861 1295 1953 1334 siue
1993 1295 2038 1334 in

161 1364 279 1404 uillis
311 1366 384 1403 aut
414 1363 630 1415 theloneis,
662 1363 733 1402 uel
763 1362 910 1413 burqis
939 1361 1185 1415 forensibus
1218 1366 1258 1401 et
1287 1363 1386 1402 aliis
1425 1361 1751 1415 quibuscunque,
1793 1374 2040 1416 quocunque

160 1433 328 1472 nomine
360 1434 624 1484 censeantur,
656 1431 966 1483 qualescunque
998 1430 1158 1470 reditus
1190 1433 1418 1483 e.1·titerint,
1457 1443 1533 1471 seu
1561 1431 1715 1484 predia
1748 1444 1827 1484 per
1855 1432 2038 1485 fratrem

161 1505 351 1541 nostrum
378 1514 510 1554 supra
542 1504 829 1552 memoratum,
853 1500 925 1540 uel
947 1500 1057 1540 alios
1090 1501 1378 1553 cuiuscunque
1409 1501 1495 1540 sint
1522 1501 1720 1552 nominis,
1739 1500 1798 1540 ad
1824 1491 2038 1553 pretaxa-

162 1573 246 1610 tum
278 1571 578 1610 monasterium
604 1569 854 1609 donacionis
886 1569 956 1609 uel
979 1570 1324 1609 commutacionis
1356 1581 1431 1609 seu
1462 1569 1728 1609 uendicionis
1760 1572 1834 1608 aul
1862 1570 2039 1610 alterius

162 1639 384 1679 cuiuslibet
414 1641 654 1679 contractus
679 1639 796 1678 tilulo
818 1638 1026 1689 deuoluta,
1060 1637 1121 1678 ad
1139 1638 1348 1678 honorum
1380 1639 1671 1691 omnipotentis
1704 1637 1772 1678 dei
1794 1651 1847 1678 ac
1867 1640 2036 1690 ylario-

161 1711 330 1749 sissime
357 1709 579 1761 ,qenilricis
612 1709 704 1748 eius
735 1708 921 1760 uiryinis
953 1708 1097 1747 Marie
1130 1709 1376 1747 auctoritate
1406 1708 1528 1759 rcyia
1557 1707 1748 1760 predicto
1780 1709 2037 1748 monasterio

161 1792 212 1818 ac
244 1777 397 1818 ibidem
429 1777 507 1817 deo
547 1776 852 1831 famulantibus
892 1777 936 1816 in
966 1779 1212 1829 perpetuum
1252 1777 1566 1829 confirmamus,
1603 1777 1871 1828 metiumque
1910 1789 2035 1829 quam

161 1847 294 1887 eidem
329 1848 518 1887 claustro
551 1847 596 1886 in
627 1846 956 1899 confirmacione
987 1845 1231 1885 huiusmodi
1267 1846 1339 1885 uel
1369 1845 1605 1886 donacione
1636 1845 1723 1885 alia
1755 1846 2038 1898 qualicunque

157 1917 357 1969 fecimus,
391 1919 528 1956 ratam
561 1918 700 1955 tenere
734 1918 937 1968 perpetuo
967 1915 1071 1954 sine
1107 1915 1389 1954 reuocacione
1425 1914 1499 1954 uel
1535 1914 1820 1954 diminucione
1855 1916 2035 1968 permit-

159 1987 296 2026 timus.
352 1986 536 2026 Nomina
568 1985 772 2025 uillarum
803 1984 984 2037 sepefati
1007 1984 1253 2023 monasterii
1284 1986 1384 2024 sunt
1411 1982 1514 2024 hec:
1550 1983 1792 2036 Tusnowiz,
1824 1983 1896 2024 ubi
1927 1995 2034 2024 con-

159 2056 338 2095 struitur
387 2055 526 2107 ipsum
574 2054 818 2094 claustrum.
867 2054 1066 2094 Lomniz.
1123 2052 1339 2093 Klineniz.
1389 2053 1618 2093 Drasww.
1677 2051 2032 2094 Schaclicliowiz.

162 2123 386 2165 Sz-elezne.
438 2123 631 2175 Tyszow.
685 2122 921 2173 W'emizliz·t
969 2120 1175 2162 Luclcow.
1223 2121 1488 2162 Natusclzan.
1543 2121 1788 2174 Ilyncznow.
1828 2121 2032 2175 Seysche.

162 2192 363 2245 Capeniz.
412 2191 737 2244 Intelliyendum
768 2195 832 2232 est
861 2176 1007 2243 eciam,
1040 2190 1118 2230 hec
1145 2192 1286 2231 omnia
1318 2203 1410 2231 eum
1445 2190 1636 2231 omnibus
1659 2192 1751 2231 suis
1782 2193 2034 2241 attinenciis,

159 2262 280 2313 (tyris
312 2260 517 2312 videlicet,
545 2261 698 2313 pratis,
721 2261 913 2314 pascuis,
939 2260 1078 2312 siluis,
1098 2259 1359 2314 fluminibus,
1385 2260 1639 2300 molendinis
1667 2263 1707 2301 et
1727 2261 1825 2300 aliis
1857 2260 2032 2313 quibus-

160 2342 322 2382 cunque
355 2330 478 2370 cultis
517 2331 610 2370 siue
647 2330 818 2370 incultis
851 2329 1193 2382 confirmacionis
1228 2328 1418 2381 predicte
1456 2331 1550 2370 iure
1589 2331 1768 2370 censeri.
1829 2330 2033 2381 Byrdniz.

158 2398 339 2454 Yglaua
376 2410 466 2439 cum
499 2399 710 2439 theloneo.
757 2399 966 2438 Preterea
1001 2399 1194 2450 qvoniam
1224 2398 1453 2450 predictam
1487 2402 1658 2438 matrem
1691 2402 1873 2438 nostram
1909 2410 2029 2450 quam

159 2469 384 2508 tenerrime
410 2468 622 2523 diligimus
644 2468 832 2508 uolumus
866 2469 907 2507 in
933 2468 1121 2506 omnibus
1154 2467 1413 2507 honorantes
1439 2468 1647 2508 exaudire
1677 2467 1862 2507 cedimus
1896 2469 2029 2507 eciam

159 2537 210 2577 ad
244 2538 492 2589 peticionem
525 2538 656 2590 ipsius
690 2537 742 2577 de
769 2536 875 2577 omni
908 2537 999 2576 iure
1033 2535 1141 2588 quod
1169 2547 1388 2588 possemus
1420 2541 1514 2589 post
1546 2540 1715 2576 mortem
1741 2538 1832 2576 eius
1867 2536 2030 2576 habere

1603 2603 1718 2645 452ss
