<?xml version="1.0" encoding="UTF-8"?>
<!DOCTYPE html PUBLIC "-//W3C//DTD XHTML 1.0 Transitional//EN"
    "http://www.w3.org/TR/xhtml1/DTD/xhtml1-transitional.dtd">
<html xmlns="http://www.w3.org/1999/xhtml" xml:lang="en" lang="en">
 <head>
  <title>
</title>
<meta http-equiv="Content-Type" content="text/html;charset=utf-8" />
  <meta name='ocr-system' content='tesseract 3.04.00' />
  <meta name='ocr-capabilities' content='ocr_page ocr_carea ocr_par ocr_line ocrx_word'/>
</head>
<body>
  <div class='ocr_page' id='page_1' title='image "./codexdiplomaticu02morauoft_0138.png"; bbox 0 0 2212 2876; ppageno 0'>
   <div class='ocr_carea' id='block_1_1' title="bbox 1093 68 1295 129">
    <p class='ocr_par' dir='ltr' id='par_1_1' title="bbox 1093 68 1295 129">
     <span class='ocr_line' id='line_1_1' title="bbox 1093 68 1295 129; baseline 0 0"><span class='ocrx_word' id='word_1_1' title='bbox 1093 68 1295 129; x_wconf 47' lang='lat'>122„</span> 
     </span>
    </p>
   </div>
   <div class='ocr_carea' id='block_1_2' title="bbox 202 209 2075 871">
    <p class='ocr_par' dir='ltr' id='par_1_2' title="bbox 202 209 2075 871">
     <span class='ocr_line' id='line_1_2' title="bbox 206 209 2072 265; baseline -0.001 -14"><span class='ocrx_word' id='word_1_2' title='bbox 206 213 459 263; x_wconf 80' lang='lat' dir='ltr'>propensius</span> <span class='ocrx_word' id='word_1_3' title='bbox 484 211 749 262; x_wconf 83' lang='lat' dir='ltr'>complacere</span> <span class='ocrx_word' id='word_1_4' title='bbox 781 222 858 250; x_wconf 92' lang='lat' dir='ltr'>uos</span> <span class='ocrx_word' id='word_1_5' title='bbox 884 210 1106 264; x_wconf 71' lang='lat' dir='ltr'>credimus⁷</span> <span class='ocrx_word' id='word_1_6' title='bbox 1141 211 1224 264; x_wconf 81' lang='lat' dir='ltr'>qui⁷</span> <span class='ocrx_word' id='word_1_7' title='bbox 1260 211 1368 262; x_wconf 84' lang='lat' dir='ltr'>quod</span> <span class='ocrx_word' id='word_1_8' title='bbox 1401 212 1471 250; x_wconf 89' lang='lat' dir='ltr'>vni</span> <span class='ocrx_word' id='word_1_9' title='bbox 1506 222 1563 250; x_wconf 85' lang='lat' dir='ltr'>ex</span> <span class='ocrx_word' id='word_1_10' title='bbox 1587 211 1759 250; x_wconf 88' lang='lat' dir='ltr'>minimis</span> <span class='ocrx_word' id='word_1_11' title='bbox 1785 211 1873 250; x_wconf 83' lang='lat' dir='ltr'>suis</span> <span class='ocrx_word' id='word_1_12' title='bbox 1907 209 1961 265; x_wconf 70' lang='lat' dir='ltr'>fit7</span> <span class='ocrx_word' id='word_1_13' title='bbox 1994 211 2072 251; x_wconf 90' lang='lat' dir='ltr'>sibi</span> 
     </span>
     <span class='ocr_line' id='line_1_3' title="bbox 207 279 2074 333; baseline 0 -13"><span class='ocrx_word' id='word_1_14' title='bbox 207 285 374 331; x_wconf 88' lang='lat' dir='ltr'>reputat</span> <span class='ocrx_word' id='word_1_15' title='bbox 407 292 506 320; x_wconf 89' lang='lat' dir='ltr'>esse</span> <span class='ocrx_word' id='word_1_16' title='bbox 539 279 706 333; x_wconf 79' lang='lat' dir='ltr'>factum7</span> <span class='ocrx_word' id='word_1_17' title='bbox 747 279 991 319; x_wconf 89' lang='lat' dir='ltr'>deuocionis</span> <span class='ocrx_word' id='word_1_18' title='bbox 1024 286 1170 318; x_wconf 89' lang='lat' dir='ltr'>uestre</span> <span class='ocrx_word' id='word_1_19' title='bbox 1211 279 1411 329; x_wconf 88' lang='lat' dir='ltr'>precibus</span> <span class='ocrx_word' id='word_1_20' title='bbox 1446 280 1629 318; x_wconf 83' lang='lat' dir='ltr'>inclinati</span> <span class='ocrx_word' id='word_1_21' title='bbox 1670 281 1920 320; x_wconf 84' lang='lat' dir='ltr'>auctoritate</span> <span class='ocrx_word' id='word_1_22' title='bbox 1953 281 2074 321; x_wconf 87' lang='lat' dir='ltr'>uobis</span> 
     </span>
     <span class='ocr_line' id='line_1_4' title="bbox 206 349 2074 402; baseline 0 -13"><span class='ocrx_word' id='word_1_23' title='bbox 206 351 470 401; x_wconf 88' lang='lat' dir='ltr'>presencium</span> <span class='ocrx_word' id='word_1_24' title='bbox 504 349 786 402; x_wconf 49' lang='lat' dir='ltr'>indulgemus5</span> <span class='ocrx_word' id='word_1_25' title='bbox 826 360 880 388; x_wconf 91' lang='lat' dir='ltr'>ne</span> <span class='ocrx_word' id='word_1_26' title='bbox 913 349 1145 400; x_wconf 87' lang='lat' dir='ltr'>apostolice</span> <span class='ocrx_word' id='word_1_27' title='bbox 1178 349 1294 387; x_wconf 90' lang='lat' dir='ltr'>sedis</span> <span class='ocrx_word' id='word_1_28' title='bbox 1337 349 1472 402; x_wconf 88' lang='lat' dir='ltr'>legati</span> <span class='ocrx_word' id='word_1_29' title='bbox 1506 350 1836 400; x_wconf 79' lang='lat' dir='ltr'>procuracIOnes</span> <span class='ocrx_word' id='word_1_30' title='bbox 1870 351 2074 401; x_wconf 83' lang='lat' dir='ltr'>pecunia-</span> 
     </span>
     <span class='ocr_line' id='line_1_5' title="bbox 206 418 2075 472; baseline 0.001 -15"><span class='ocrx_word' id='word_1_31' title='bbox 206 418 294 458; x_wconf 87' lang='lat' dir='ltr'>rias</span> <span class='ocrx_word' id='word_1_32' title='bbox 327 431 353 458; x_wconf 86' lang='lat' dir='ltr'>a</span> <span class='ocrx_word' id='word_1_33' title='bbox 383 418 648 457; x_wconf 86' lang='lat' dir='ltr'>monasteriis</span> <span class='ocrx_word' id='word_1_34' title='bbox 680 418 838 456; x_wconf 90' lang='lat' dir='ltr'>uestris</span> <span class='ocrx_word' id='word_1_35' title='bbox 880 418 1066 472; x_wconf 80' lang='lat' dir='ltr'>exigere</span> <span class='ocrx_word' id='word_1_36' title='bbox 1099 418 1168 456; x_wconf 92' lang='lat' dir='ltr'>uel</span> <span class='ocrx_word' id='word_1_37' title='bbox 1202 421 1459 469; x_wconf 76' lang='lat' dir='ltr'>extorquere</span> <span class='ocrx_word' id='word_1_38' title='bbox 1500 422 1756 470; x_wconf 71' lang='lat' dir='ltr'>presumant,</span> <span class='ocrx_word' id='word_1_39' title='bbox 1789 418 1865 457; x_wconf 91' lang='lat' dir='ltr'>sed</span> <span class='ocrx_word' id='word_1_40' title='bbox 1899 430 1989 458; x_wconf 89' lang='lat' dir='ltr'>cum</span> <span class='ocrx_word' id='word_1_41' title='bbox 2022 418 2075 458; x_wconf 91' lang='lat' dir='ltr'>ad</span> 
     </span>
     <span class='ocr_line' id='line_1_6' title="bbox 209 486 2073 540; baseline 0.001 -14"><span class='ocrx_word' id='word_1_42' title='bbox 209 486 350 526; x_wconf 89' lang='lat' dir='ltr'>domos</span> <span class='ocrx_word' id='word_1_43' title='bbox 376 491 545 526; x_wconf 87' lang='lat' dir='ltr'>uestras</span> <span class='ocrx_word' id='word_1_44' title='bbox 579 487 858 540; x_wconf 79' lang='lat' dir='ltr'>accesserint7</span> <span class='ocrx_word' id='word_1_45' title='bbox 884 488 976 526; x_wconf 90' lang='grc'><strong>81110</strong></span> <span class='ocrx_word' id='word_1_46' title='bbox 1006 487 1190 526; x_wconf 85' lang='lat' dir='ltr'>carnium</span> <span class='ocrx_word' id='word_1_47' title='bbox 1215 498 1291 526; x_wconf 86' lang='lat' dir='ltr'>esu</span> <span class='ocrx_word' id='word_1_48' title='bbox 1325 487 1431 526; x_wconf 86' lang='lat' dir='ltr'><strong>cibis</strong></span> <span class='ocrx_word' id='word_1_49' title='bbox 1465 487 1740 540; x_wconf 80' lang='lat' dir='ltr'>regularibus</span> <span class='ocrx_word' id='word_1_50' title='bbox 1766 488 1849 526; x_wconf 92' lang='lat' dir='ltr'>sint</span> <span class='ocrx_word' id='word_1_51' title='bbox 1875 488 2073 527; x_wconf 88' lang='lat' dir='ltr'>contenti.</span> 
     </span>
     <span class='ocr_line' id='line_1_7' title="bbox 205 555 2075 609; baseline 0.001 -14"><span class='ocrx_word' id='word_1_52' title='bbox 205 555 316 595; x_wconf 87' lang='lat' dir='ltr'>Nulli</span> <span class='ocrx_word' id='word_1_53' title='bbox 358 566 468 609; x_wconf 91' lang='lat' dir='ltr'>ergo</span> <span class='ocrx_word' id='word_1_54' title='bbox 513 556 675 594; x_wconf 89' lang='lat' dir='ltr'>omnino</span> <span class='ocrx_word' id='word_1_55' title='bbox 717 555 922 594; x_wconf 88' lang='lat' dir='ltr'>hominum</span> <span class='ocrx_word' id='word_1_56' title='bbox 961 555 1089 594; x_wconf 81' lang='lat' dir='ltr'>liceat</span> <span class='ocrx_word' id='word_1_57' title='bbox 1120 555 1229 594; x_wconf 89' lang='lat' dir='ltr'>hanc</span> <span class='ocrx_word' id='word_1_58' title='bbox 1263 556 1462 609; x_wconf 89' lang='lat' dir='ltr'>paginam</span> <span class='ocrx_word' id='word_1_59' title='bbox 1504 560 1649 595; x_wconf 82' lang='lat' dir='ltr'>nostre</span> <span class='ocrx_word' id='word_1_60' title='bbox 1682 557 1975 595; x_wconf 74' lang='lat' dir='ltr'>concessionis</span> <span class='ocrx_word' id='word_1_61' title='bbox 2008 558 2075 596; x_wconf 90' lang='lat' dir='ltr'>in-</span> 
     </span>
     <span class='ocr_line' id='line_1_8' title="bbox 204 621 2075 678; baseline 0.001 -14"><span class='ocrx_word' id='word_1_62' title='bbox 204 621 414 678; x_wconf 73' lang='lat' dir='ltr'>fringere,</span> <span class='ocrx_word' id='word_1_63' title='bbox 447 624 515 663; x_wconf 93' lang='lat' dir='ltr'>uel</span> <span class='ocrx_word' id='word_1_64' title='bbox 557 625 596 663; x_wconf 91' lang='lat' dir='ltr'>ei</span> <span class='ocrx_word' id='word_1_65' title='bbox 629 636 736 663; x_wconf 89' lang='lat' dir='ltr'>ausu</span> <span class='ocrx_word' id='word_1_66' title='bbox 768 625 992 664; x_wconf 87' lang='lat' dir='ltr'>temerario</span> <span class='ocrx_word' id='word_1_67' title='bbox 1027 625 1251 664; x_wconf 85' lang='lat' dir='ltr'>contraire.</span> <span class='ocrx_word' id='word_1_68' title='bbox 1315 625 1364 666; x_wconf 81' lang='lat' dir='ltr'>Si</span> <span class='ocrx_word' id='word_1_69' title='bbox 1406 625 1497 677; x_wconf 92' lang='lat' dir='ltr'>quis</span> <span class='ocrx_word' id='word_1_70' title='bbox 1532 629 1668 664; x_wconf 84' lang='lat' dir='ltr'>autem</span> <span class='ocrx_word' id='word_1_71' title='bbox 1714 625 1793 664; x_wconf 91' lang='lat' dir='ltr'>hoc</span> <span class='ocrx_word' id='word_1_72' title='bbox 1827 628 2075 676; x_wconf 81' lang='lat' dir='ltr'>attemptare</span> 
     </span>
     <span class='ocr_line' id='line_1_9' title="bbox 203 692 2073 747; baseline 0.001 -16"><span class='ocrx_word' id='word_1_73' title='bbox 203 693 522 746; x_wconf 65' lang='lat' dir='ltr'>presumpserit,</span> <span class='ocrx_word' id='word_1_74' title='bbox 563 692 904 747; x_wconf 77' lang='lat' dir='ltr'>indignacionem</span> <span class='ocrx_word' id='word_1_75' title='bbox 948 694 1240 745; x_wconf 88' lang='lat' dir='ltr'>omnipotentis</span> <span class='ocrx_word' id='word_1_76' title='bbox 1284 694 1351 733; x_wconf 89' lang='lat' dir='ltr'>dei</span> <span class='ocrx_word' id='word_1_77' title='bbox 1385 698 1427 733; x_wconf 90' lang='lat' dir='ltr'>et</span> <span class='ocrx_word' id='word_1_78' title='bbox 1466 694 1680 733; x_wconf 84' lang='lat' dir='ltr'>beatorum</span> <span class='ocrx_word' id='word_1_79' title='bbox 1722 694 1839 733; x_wconf 88' lang='lat' dir='ltr'>Petri</span> <span class='ocrx_word' id='word_1_80' title='bbox 1880 699 1922 733; x_wconf 92' lang='lat' dir='ltr'>et</span> <span class='ocrx_word' id='word_1_81' title='bbox 1954 694 2073 733; x_wconf 80' lang='lat' dir='ltr'>Pauli</span> 
     </span>
     <span class='ocr_line' id='line_1_10' title="bbox 204 762 2074 812; baseline 0.001 -12"><span class='ocrx_word' id='word_1_82' title='bbox 204 762 486 812; x_wconf 85' lang='lat' dir='ltr'>apostolorum</span> <span class='ocrx_word' id='word_1_83' title='bbox 518 763 611 801; x_wconf 83' lang='lat' dir='ltr'>eius</span> <span class='ocrx_word' id='word_1_84' title='bbox 644 773 693 801; x_wconf 88' lang='lat' dir='ltr'>se</span> <span class='ocrx_word' id='word_1_85' title='bbox 727 763 893 801; x_wconf 90' lang='lat' dir='ltr'>nouerit</span> <span class='ocrx_word' id='word_1_86' title='bbox 926 762 1204 802; x_wconf 88' lang='lat' dir='ltr'>incursurum.</span> <span class='ocrx_word' id='word_1_87' title='bbox 1253 763 1407 802; x_wconf 89' lang='lat' dir='ltr'>Datum</span> <span class='ocrx_word' id='word_1_88' title='bbox 1440 763 1644 802; x_wconf 79' lang='lat' dir='ltr'>Laterani</span> <span class='ocrx_word' id='word_1_89' title='bbox 1679 764 1819 803; x_wconf 85' lang='lat' dir='ltr'>Xllll.</span> <span class='ocrx_word' id='word_1_90' title='bbox 1852 763 2074 802; x_wconf 82' lang='lat' dir='ltr'>Kalendas</span> 
     </span>
     <span class='ocr_line' id='line_1_11' title="bbox 202 829 1256 871; baseline 0.001 -1"><span class='ocrx_word' id='word_1_91' title='bbox 202 830 438 870; x_wconf 87' lang='lat' dir='ltr'>Februarii.</span> <span class='ocrx_word' id='word_1_92' title='bbox 501 829 776 870; x_wconf 86' lang='lat' dir='ltr'>Pontificatus</span> <span class='ocrx_word' id='word_1_93' title='bbox 809 832 942 871; x_wconf 85' lang='lat' dir='ltr'>nostri</span> <span class='ocrx_word' id='word_1_94' title='bbox 975 844 1085 871; x_wconf 89' lang='lat' dir='ltr'>anno</span> <span class='ocrx_word' id='word_1_95' title='bbox 1119 836 1256 871; x_wconf 86' lang='lat' dir='ltr'>sexto.</span> 
     </span>
    </p>
   </div>
   <div class='ocr_carea' id='block_1_3' title="bbox 514 930 2074 1024">
    <p class='ocr_par' dir='ltr' id='par_1_3' title="bbox 514 930 2074 1024">
     <span class='ocr_line' id='line_1_12' title="bbox 514 930 2074 974; baseline 0 -12"><span class='ocrx_word' id='word_1_96' title='bbox 514 930 545 962; x_wconf 90' lang='lat' dir='ltr'><strong>E</strong></span> <span class='ocrx_word' id='word_1_97' title='bbox 576 930 720 962; x_wconf 87' lang='lat' dir='ltr'>codice</span> <span class='ocrx_word' id='word_1_98' title='bbox 749 930 1072 963; x_wconf 84' lang='lat' dir='ltr'>Welehradensi</span> <span class='ocrx_word' id='word_1_99' title='bbox 1104 931 1159 962; x_wconf 87' lang='lat' dir='ltr'>sol.</span> <span class='ocrx_word' id='word_1_100' title='bbox 1191 930 1280 964; x_wconf 75' lang='lat'>103.</span> <span class='ocrx_word' id='word_1_101' title='bbox 1309 931 1352 963; x_wconf 89' lang='lat' dir='ltr'>ad</span> <span class='ocrx_word' id='word_1_102' title='bbox 1382 932 1467 974; x_wconf 87' lang='lat' dir='ltr'>quod</span> <span class='ocrx_word' id='word_1_103' title='bbox 1499 933 1728 964; x_wconf 86' lang='lat' dir='ltr'>monasterium</span> <span class='ocrx_word' id='word_1_104' title='bbox 1765 932 1958 973; x_wconf 81' lang='lat' dir='ltr'>specialiter</span> <span class='ocrx_word' id='word_1_105' title='bbox 1988 932 2074 963; x_wconf 86' lang='lat' dir='ltr'>bulla</span> 
     </span>
     <span class='ocr_line' id='line_1_13' title="bbox 618 983 803 1024; baseline 0.005 -11"><span class='ocrx_word' id='word_1_106' title='bbox 618 983 803 1024; x_wconf 79' lang='lat' dir='ltr'>spectabat.</span> 
     </span>
    </p>
   </div>
   <div class='ocr_carea' id='block_1_4' title="bbox 1035 1157 1241 1201">
    <p class='ocr_par' dir='ltr' id='par_1_4' title="bbox 1035 1157 1241 1201">
     <span class='ocr_line' id='line_1_14' title="bbox 1035 1157 1241 1201; baseline -0.01 0"><span class='ocrx_word' id='word_1_107' title='bbox 1035 1157 1241 1201; x_wconf 86' lang='lat' dir='ltr'>CXXIV.</span> 
     </span>
    </p>
   </div>
   <div class='ocr_carea' id='block_1_5' title="bbox 201 1262 2073 1452">
    <p class='ocr_par' dir='ltr' id='par_1_5' title="bbox 201 1262 2073 1452">
     <span class='ocr_line' id='line_1_15' title="bbox 203 1262 2073 1316; baseline 0.002 -15"><span class='ocrx_word' id='word_1_108' title='bbox 203 1263 457 1314; x_wconf 75' lang='lat' dir='ltr'>Heinricus,</span> <span class='ocrx_word' id='word_1_109' title='bbox 505 1263 576 1314; x_wconf 78' lang='lat' dir='ltr'>qui</span> <span class='ocrx_word' id='word_1_110' title='bbox 623 1265 662 1301; x_wconf 78' lang='lat' dir='ltr'>el</span> <span class='ocrx_word' id='word_1_111' title='bbox 708 1262 995 1314; x_wconf 66' lang='lat' dir='ltr'>IWadt&#39;slam,</span> <span class='ocrx_word' id='word_1_112' title='bbox 1043 1263 1236 1303; x_wconf 71' lang='lat' dir='ltr'>marchio</span> <span class='ocrx_word' id='word_1_113' title='bbox 1285 1265 1530 1316; x_wconf 40' lang='lat' dir='ltr'>inerat-iae,</span> <span class='ocrx_word' id='word_1_114' title='bbox 1578 1263 1708 1302; x_wconf 73' lang='lat' dir='ltr'>tradit</span> <span class='ocrx_word' id='word_1_115' title='bbox 1751 1263 2073 1304; x_wconf 53' lang='lat' dir='ltr'>”felem-ademi</span> 
     </span>
     <span class='ocr_line' id='line_1_16' title="bbox 201 1331 2073 1384; baseline 0.001 -14"><span class='ocrx_word' id='word_1_116' title='bbox 201 1333 457 1371; x_wconf 78' lang='lat' dir='ltr'>monasterio</span> <span class='ocrx_word' id='word_1_117' title='bbox 484 1331 591 1371; x_wconf 74' lang='lat' dir='ltr'>duos</span> <span class='ocrx_word' id='word_1_118' title='bbox 615 1343 788 1371; x_wconf 77' lang='lat' dir='ltr'>mansos</span> <span class='ocrx_word' id='word_1_119' title='bbox 815 1332 945 1384; x_wconf 68' lang='lat' dir='ltr'>juoeta</span> <span class='ocrx_word' id='word_1_120' title='bbox 971 1331 1191 1383; x_wconf 74' lang='lat' dir='ltr'>opaviam.</span> <span class='ocrx_word' id='word_1_121' title='bbox 1240 1333 1391 1372; x_wconf 81' lang='lat' dir='ltr'>Actum</span> <span class='ocrx_word' id='word_1_122' title='bbox 1422 1334 1466 1372; x_wconf 77' lang='lat' dir='ltr'>in</span> <span class='ocrx_word' id='word_1_123' title='bbox 1499 1334 1667 1384; x_wconf 71' lang='lat' dir='ltr'>Kyyow</span> <span class='ocrx_word' id='word_1_124' title='bbox 1699 1332 1823 1373; x_wconf 76' lang='lat' dir='ltr'><em>VIII.</em></span> <span class='ocrx_word' id='word_1_125' title='bbox 1847 1333 2073 1373; x_wconf 75' lang='lat' dir='ltr'>Kalendas</span> 
     </span>
     <span class='ocr_line' id='line_1_17' title="bbox 916 1400 1356 1452; baseline 0.002 -13"><span class='ocrx_word' id='word_1_126' title='bbox 916 1400 1163 1452; x_wconf 72' lang='lat' dir='ltr'>Februarii,</span> <span class='ocrx_word' id='word_1_127' title='bbox 1203 1401 1356 1440; x_wconf 89' lang='grc'><strong>1222.</strong></span> 
     </span>
    </p>
   </div>
   <div class='ocr_carea' id='block_1_6' title="bbox 201 1493 2073 2527">
    <p class='ocr_par' dir='ltr' id='par_1_6' title="bbox 201 1493 2073 2527">
     <span class='ocr_line' id='line_1_18' title="bbox 331 1493 2073 1567; baseline 0.001 -14"><span class='ocrx_word' id='word_1_128' title='bbox 331 1493 391 1554; x_wconf 81' lang='lat' dir='ltr'>In</span> <span class='ocrx_word' id='word_1_129' title='bbox 441 1513 604 1552; x_wconf 87' lang='lat' dir='ltr'>nomine</span> <span class='ocrx_word' id='word_1_130' title='bbox 651 1516 801 1552; x_wconf 88' lang='lat' dir='ltr'>sancte</span> <span class='ocrx_word' id='word_1_131' title='bbox 847 1515 890 1552; x_wconf 91' lang='lat' dir='ltr'>et</span> <span class='ocrx_word' id='word_1_132' title='bbox 940 1512 1153 1552; x_wconf 90' lang='lat' dir='ltr'>indiuidue</span> <span class='ocrx_word' id='word_1_133' title='bbox 1203 1514 1413 1552; x_wconf 83' lang='lat' dir='ltr'>trinitatis.</span> <span class='ocrx_word' id='word_1_134' title='bbox 1486 1514 1587 1567; x_wconf 82' lang='lat' dir='ltr'>Ego</span> <span class='ocrx_word' id='word_1_135' title='bbox 1636 1513 1865 1567; x_wconf 72' lang='lat' dir='ltr'>Heni-icus7</span> <span class='ocrx_word' id='word_1_136' title='bbox 1913 1514 1981 1565; x_wconf 93' lang='lat' dir='ltr'>qui</span> <span class='ocrx_word' id='word_1_137' title='bbox 2030 1518 2073 1554; x_wconf 87' lang='lat' dir='ltr'>et</span> 
     </span>
     <span class='ocr_line' id='line_1_19' title="bbox 204 1580 2071 1637; baseline 0.001 -17"><span class='ocrx_word' id='word_1_138' title='bbox 204 1580 489 1635; x_wconf 70' lang='lat' dir='ltr'>wladizlaus,</span> <span class='ocrx_word' id='word_1_139' title='bbox 515 1582 581 1621; x_wconf 92' lang='lat' dir='ltr'>dei</span> <span class='ocrx_word' id='word_1_140' title='bbox 608 1583 762 1636; x_wconf 80' lang='lat' dir='ltr'>gracia</span> <span class='ocrx_word' id='word_1_141' title='bbox 788 1581 971 1621; x_wconf 87' lang='lat' dir='ltr'>marchio</span> <span class='ocrx_word' id='word_1_142' title='bbox 1003 1581 1213 1621; x_wconf 85' lang='lat' dir='ltr'>Morauie.</span> <span class='ocrx_word' id='word_1_143' title='bbox 1263 1582 1413 1621; x_wconf 91' lang='lat' dir='ltr'>Notum</span> <span class='ocrx_word' id='word_1_144' title='bbox 1437 1583 1492 1621; x_wconf 91' lang='lat' dir='ltr'>sit</span> <span class='ocrx_word' id='word_1_145' title='bbox 1524 1582 1712 1621; x_wconf 87' lang='lat' dir='ltr'>omnibus</span> <span class='ocrx_word' id='word_1_146' title='bbox 1738 1586 1818 1621; x_wconf 83' lang='lat' dir='ltr'>tam</span> <span class='ocrx_word' id='word_1_147' title='bbox 1844 1583 2071 1637; x_wconf 72' lang='lat' dir='ltr'>modernis,</span> 
     </span>
     <span class='ocr_line' id='line_1_20' title="bbox 203 1650 2071 1704; baseline 0.001 -15"><span class='ocrx_word' id='word_1_148' title='bbox 203 1661 322 1702; x_wconf 86' lang='lat' dir='ltr'>quam</span> <span class='ocrx_word' id='word_1_149' title='bbox 355 1651 644 1690; x_wconf 87' lang='lat' dir='ltr'>modernorum</span> <span class='ocrx_word' id='word_1_150' title='bbox 678 1652 858 1701; x_wconf 88' lang='lat' dir='ltr'>posteris</span> <span class='ocrx_word' id='word_1_151' title='bbox 901 1651 1128 1704; x_wconf 72' lang='lat' dir='ltr'>vniuersis7</span> <span class='ocrx_word' id='word_1_152' title='bbox 1163 1651 1341 1702; x_wconf 84' lang='lat' dir='ltr'>qualiter</span> <span class='ocrx_word' id='word_1_153' title='bbox 1382 1650 1618 1691; x_wconf 70' lang='lat' dir='ltr'>Elrlmrdus</span> <span class='ocrx_word' id='word_1_154' title='bbox 1651 1651 1702 1690; x_wconf 79' lang='lat' dir='ltr'>de</span> <span class='ocrx_word' id='word_1_155' title='bbox 1736 1651 1933 1702; x_wconf 59' lang='lat' dir='ltr'>oppansa</span> <span class='ocrx_word' id='word_1_156' title='bbox 1966 1651 2071 1690; x_wconf 89' lang='lat' dir='ltr'>duos</span> 
     </span>
     <span class='ocr_line' id='line_1_21' title="bbox 201 1718 2071 1773; baseline 0.001 -15"><span class='ocrx_word' id='word_1_157' title='bbox 201 1731 369 1759; x_wconf 86' lang='lat' dir='ltr'>mansos</span> <span class='ocrx_word' id='word_1_158' title='bbox 411 1720 526 1758; x_wconf 84' lang='lat' dir='ltr'>iuxta</span> <span class='ocrx_word' id='word_1_159' title='bbox 573 1718 814 1770; x_wconf 75' lang='lat' dir='ltr'>Oppauiam</span> <span class='ocrx_word' id='word_1_160' title='bbox 854 1720 970 1772; x_wconf 78' lang='lat' dir='ltr'>sitos,</span> <span class='ocrx_word' id='word_1_161' title='bbox 1012 1730 1117 1770; x_wconf 91' lang='lat' dir='ltr'>quos</span> <span class='ocrx_word' id='word_1_162' title='bbox 1157 1720 1364 1773; x_wconf 88' lang='lat' dir='ltr'>legittima</span> <span class='ocrx_word' id='word_1_163' title='bbox 1397 1721 1666 1771; x_wconf 90' lang='lat' dir='ltr'>coempcione</span> <span class='ocrx_word' id='word_1_164' title='bbox 1699 1721 1779 1759; x_wconf 88' lang='lat' dir='ltr'>sibi</span> <span class='ocrx_word' id='word_1_165' title='bbox 1813 1720 2071 1771; x_wconf 83' lang='lat' dir='ltr'>acquisierat</span> 
     </span>
     <span class='ocr_line' id='line_1_22' title="bbox 206 1787 2069 1839; baseline 0 -12"><span class='ocrx_word' id='word_1_166' title='bbox 206 1792 305 1839; x_wconf 83' lang='lat' dir='ltr'>aput</span> <span class='ocrx_word' id='word_1_167' title='bbox 337 1788 538 1827; x_wconf 89' lang='lat' dir='ltr'>dominum</span> <span class='ocrx_word' id='word_1_168' title='bbox 580 1787 772 1827; x_wconf 89' lang='lat' dir='ltr'>Ottonem</span> <span class='ocrx_word' id='word_1_169' title='bbox 806 1787 859 1827; x_wconf 88' lang='lat' dir='ltr'>de</span> <span class='ocrx_word' id='word_1_170' title='bbox 901 1787 1110 1826; x_wconf 79' lang='lat' dir='ltr'>Rathibor</span> <span class='ocrx_word' id='word_1_171' title='bbox 1149 1793 1192 1827; x_wconf 92' lang='lat' dir='ltr'>et</span> <span class='ocrx_word' id='word_1_172' title='bbox 1233 1788 1474 1828; x_wconf 78' lang='lat' dir='ltr'>Ekkardum</span> <span class='ocrx_word' id='word_1_173' title='bbox 1513 1789 1556 1828; x_wconf 86' lang='lat' dir='ltr'>in</span> <span class='ocrx_word' id='word_1_174' title='bbox 1595 1800 1740 1828; x_wconf 88' lang='lat' dir='ltr'>manus</span> <span class='ocrx_word' id='word_1_175' title='bbox 1786 1793 1955 1828; x_wconf 86' lang='lat' dir='ltr'>nostras</span> <span class='ocrx_word' id='word_1_176' title='bbox 1996 1799 2069 1828; x_wconf 91' lang='lat' dir='ltr'>re-</span> 
     </span>
     <span class='ocr_line' id='line_1_23' title="bbox 204 1857 2069 1911; baseline 0.001 -16"><span class='ocrx_word' id='word_1_177' title='bbox 204 1857 414 1911; x_wconf 80' lang='lat' dir='ltr'>signauit3</span> <span class='ocrx_word' id='word_1_178' title='bbox 455 1868 560 1908; x_wconf 91' lang='lat' dir='ltr'>quos</span> <span class='ocrx_word' id='word_1_179' title='bbox 600 1857 799 1896; x_wconf 90' lang='lat' dir='ltr'>videlicet</span> <span class='ocrx_word' id='word_1_180' title='bbox 840 1868 1008 1896; x_wconf 87' lang='lat' dir='ltr'>mansos</span> <span class='ocrx_word' id='word_1_181' title='bbox 1048 1869 1125 1896; x_wconf 90' lang='lat' dir='ltr'>nos</span> <span class='ocrx_word' id='word_1_182' title='bbox 1166 1857 1317 1895; x_wconf 88' lang='lat' dir='ltr'>dilecto</span> <span class='ocrx_word' id='word_1_183' title='bbox 1359 1861 1504 1896; x_wconf 89' lang='lat' dir='ltr'>nostro</span> <span class='ocrx_word' id='word_1_184' title='bbox 1553 1857 1786 1896; x_wconf 83' lang='lat' dir='ltr'>venerabili</span> <span class='ocrx_word' id='word_1_185' title='bbox 1835 1857 1974 1896; x_wconf 82' lang='lat' dir='ltr'>abbati</span> <span class='ocrx_word' id='word_1_186' title='bbox 2016 1857 2069 1897; x_wconf 88' lang='lat' dir='ltr'>de</span> 
     </span>
     <span class='ocr_line' id='line_1_24' title="bbox 213 1924 2069 1977; baseline 0 -13"><span class='ocrx_word' id='word_1_187' title='bbox 213 1925 443 1977; x_wconf 71' lang='lat' dir='ltr'>W’eleyrad</span> <span class='ocrx_word' id='word_1_188' title='bbox 467 1926 629 1965; x_wconf 91' lang='lat' dir='ltr'>domino</span> <span class='ocrx_word' id='word_1_189' title='bbox 654 1924 823 1966; x_wconf 76' lang='lat' dir='ltr'>Siberto</span> <span class='ocrx_word' id='word_1_190' title='bbox 845 1926 979 1965; x_wconf 88' lang='lat' dir='ltr'>libera</span> <span class='ocrx_word' id='word_1_191' title='bbox 1007 1925 1240 1964; x_wconf 86' lang='lat' dir='ltr'>donacione</span> <span class='ocrx_word' id='word_1_192' title='bbox 1272 1925 1514 1965; x_wconf 83' lang='lat' dir='ltr'>tradidimus</span> <span class='ocrx_word' id='word_1_193' title='bbox 1542 1926 1594 1965; x_wconf 91' lang='lat' dir='ltr'>ad</span> <span class='ocrx_word' id='word_1_194' title='bbox 1622 1926 1859 1976; x_wconf 83' lang='lat' dir='ltr'>petitionem</span> <span class='ocrx_word' id='word_1_195' title='bbox 1884 1926 2069 1965; x_wconf 88' lang='lat' dir='ltr'>eiusdem</span> 
     </span>
     <span class='ocr_line' id='line_1_25' title="bbox 206 1992 2067 2043; baseline 0.001 -11"><span class='ocrx_word' id='word_1_196' title='bbox 206 1994 429 2034; x_wconf 74' lang='lat' dir='ltr'>Erkkardi.</span> <span class='ocrx_word' id='word_1_197' title='bbox 494 1994 610 2043; x_wconf 80' lang='lat' dir='ltr'>Quos</span> <span class='ocrx_word' id='word_1_198' title='bbox 650 2006 818 2034; x_wconf 85' lang='lat' dir='ltr'>mansos</span> <span class='ocrx_word' id='word_1_199' title='bbox 850 1998 1098 2033; x_wconf 88' lang='lat' dir='ltr'>memoratus</span> <span class='ocrx_word' id='word_1_200' title='bbox 1132 1995 1267 2034; x_wconf 86' lang='lat' dir='ltr'>abbas</span> <span class='ocrx_word' id='word_1_201' title='bbox 1309 1995 1443 2034; x_wconf 87' lang='lat' dir='ltr'>eidem</span> <span class='ocrx_word' id='word_1_202' title='bbox 1483 1994 1705 2034; x_wconf 78' lang='lat' dir='ltr'>Erkkardo</span> <span class='ocrx_word' id='word_1_203' title='bbox 1740 1996 1781 2033; x_wconf 94' lang='lat' dir='ltr'>in</span> <span class='ocrx_word' id='word_1_204' title='bbox 1821 1992 2067 2034; x_wconf 87' lang='lat' dir='ltr'>beneficium</span> 
     </span>
     <span class='ocr_line' id='line_1_26' title="bbox 204 2061 2068 2117; baseline 0.001 -16"><span class='ocrx_word' id='word_1_205' title='bbox 204 2064 419 2102; x_wconf 82' lang='lat' dir='ltr'>concessit</span> <span class='ocrx_word' id='word_1_206' title='bbox 458 2067 500 2102; x_wconf 89' lang='lat' dir='ltr'>et</span> <span class='ocrx_word' id='word_1_207' title='bbox 539 2061 620 2102; x_wconf 87' lang='lat' dir='ltr'>filio</span> <span class='ocrx_word' id='word_1_208' title='bbox 661 2064 752 2102; x_wconf 90' lang='lat' dir='ltr'>eius</span> <span class='ocrx_word' id='word_1_209' title='bbox 793 2063 961 2102; x_wconf 71' lang='lat' dir='ltr'>,Iacobo</span> <span class='ocrx_word' id='word_1_210' title='bbox 1003 2073 1054 2101; x_wconf 86' lang='lat' dir='ltr'>ea</span> <span class='ocrx_word' id='word_1_211' title='bbox 1095 2063 1343 2102; x_wconf 91' lang='lat' dir='ltr'>condicione</span> <span class='ocrx_word' id='word_1_212' title='bbox 1377 2063 1585 2117; x_wconf 71' lang='lat' dir='ltr'>subnexa,</span> <span class='ocrx_word' id='word_1_213' title='bbox 1625 2067 1671 2102; x_wconf 92' lang='lat' dir='ltr'>vt</span> <span class='ocrx_word' id='word_1_214' title='bbox 1702 2067 1782 2102; x_wconf 89' lang='lat' dir='ltr'>tam</span> <span class='ocrx_word' id='word_1_215' title='bbox 1823 2064 1914 2117; x_wconf 75' lang='lat' dir='ltr'>ipsi7</span> <span class='ocrx_word' id='word_1_216' title='bbox 1948 2075 2068 2115; x_wconf 89' lang='lat' dir='ltr'>quam</span> 
     </span>
     <span class='ocr_line' id='line_1_27' title="bbox 204 2130 2068 2185; baseline 0 -15"><span class='ocrx_word' id='word_1_217' title='bbox 204 2143 346 2170; x_wconf 84' lang='lat' dir='ltr'>omnes</span> <span class='ocrx_word' id='word_1_218' title='bbox 372 2133 531 2182; x_wconf 86' lang='lat' dir='ltr'>posteri</span> <span class='ocrx_word' id='word_1_219' title='bbox 557 2143 698 2171; x_wconf 88' lang='lat' dir='ltr'>corum</span> <span class='ocrx_word' id='word_1_220' title='bbox 725 2132 911 2172; x_wconf 87' lang='lat' dir='ltr'>ecclesie</span> <span class='ocrx_word' id='word_1_221' title='bbox 938 2132 1005 2171; x_wconf 89' lang='lat' dir='ltr'>W</span> <span class='ocrx_word' id='word_1_222' title='bbox 1008 2131 1286 2185; x_wconf 73' lang='lat' dir='ltr'>ele-gradensi</span> <span class='ocrx_word' id='word_1_223' title='bbox 1311 2132 1520 2171; x_wconf 86' lang='lat' dir='ltr'>annuatim</span> <span class='ocrx_word' id='word_1_224' title='bbox 1544 2132 1711 2171; x_wconf 87' lang='lat' dir='ltr'>soluant</span> <span class='ocrx_word' id='word_1_225' title='bbox 1743 2131 1946 2171; x_wconf 87' lang='lat' dir='ltr'>dimidium</span> <span class='ocrx_word' id='word_1_226' title='bbox 1978 2130 2068 2171; x_wconf 88' lang='lat' dir='ltr'>fer-</span> 
     </span>
     <span class='ocr_line' id='line_1_28' title="bbox 204 2198 2066 2254; baseline 0.001 -16"><span class='ocrx_word' id='word_1_227' title='bbox 204 2203 340 2239; x_wconf 88' lang='lat' dir='ltr'>tonem</span> <span class='ocrx_word' id='word_1_228' title='bbox 380 2202 469 2239; x_wconf 83' lang='lat' dir='ltr'>auri</span> <span class='ocrx_word' id='word_1_229' title='bbox 511 2202 552 2239; x_wconf 92' lang='lat' dir='ltr'>in</span> <span class='ocrx_word' id='word_1_230' title='bbox 594 2205 850 2252; x_wconf 86' lang='lat' dir='ltr'>perpetuum.</span> <span class='ocrx_word' id='word_1_231' title='bbox 915 2200 1034 2250; x_wconf 83' lang='lat' dir='ltr'>Quod</span> <span class='ocrx_word' id='word_1_232' title='bbox 1076 2202 1111 2239; x_wconf 91' lang='lat' dir='ltr'>si</span> <span class='ocrx_word' id='word_1_233' title='bbox 1145 2200 1337 2254; x_wconf 85' lang='lat' dir='ltr'>legittimi</span> <span class='ocrx_word' id='word_1_234' title='bbox 1379 2200 1564 2239; x_wconf 85' lang='lat' dir='ltr'>heredes</span> <span class='ocrx_word' id='word_1_235' title='bbox 1605 2200 1883 2253; x_wconf 69' lang='lat' dir='ltr'>decesserint,</span> <span class='ocrx_word' id='word_1_236' title='bbox 1917 2198 2066 2251; x_wconf 81' lang='lat' dir='ltr'>prefati</span> 
     </span>
     <span class='ocr_line' id='line_1_29' title="bbox 203 2268 2067 2321; baseline 0.001 -15"><span class='ocrx_word' id='word_1_237' title='bbox 203 2269 335 2307; x_wconf 88' lang='lat' dir='ltr'>mansi</span> <span class='ocrx_word' id='word_1_238' title='bbox 370 2268 410 2307; x_wconf 92' lang='lat' dir='ltr'>iu</span> <span class='ocrx_word' id='word_1_239' title='bbox 443 2271 753 2320; x_wconf 86' lang='lat' dir='ltr'>possessionem</span> <span class='ocrx_word' id='word_1_240' title='bbox 778 2270 971 2321; x_wconf 80' lang='lat' dir='ltr'>predicte</span> <span class='ocrx_word' id='word_1_241' title='bbox 1004 2269 1189 2308; x_wconf 81' lang='lat' dir='ltr'>ecclesie</span> <span class='ocrx_word' id='word_1_242' title='bbox 1223 2268 1511 2309; x_wconf 83' lang='lat' dir='ltr'>deuoluentur.</span> <span class='ocrx_word' id='word_1_243' title='bbox 1560 2269 1718 2309; x_wconf 68' lang='lat' dir='ltr'>Testes</span> <span class='ocrx_word' id='word_1_244' title='bbox 1751 2274 1847 2309; x_wconf 92' lang='lat' dir='ltr'>sunt</span> <span class='ocrx_word' id='word_1_245' title='bbox 1876 2269 2067 2308; x_wconf 81' lang='lat' dir='ltr'>litterati:</span> 
     </span>
     <span class='ocr_line' id='line_1_30' title="bbox 203 2336 2063 2392; baseline 0.001 -17"><span class='ocrx_word' id='word_1_246' title='bbox 203 2336 427 2376; x_wconf 85' lang='lat' dir='ltr'>Folcoldus</span> <span class='ocrx_word' id='word_1_247' title='bbox 474 2339 756 2378; x_wconf 85' lang='lat' dir='ltr'>cancellarius</span> <span class='ocrx_word' id='word_1_248' title='bbox 798 2338 960 2378; x_wconf 87' lang='lat' dir='ltr'>domine</span> <span class='ocrx_word' id='word_1_249' title='bbox 1007 2339 1176 2392; x_wconf 87' lang='lat' dir='ltr'>regine.</span> <span class='ocrx_word' id='word_1_250' title='bbox 1217 2338 1446 2377; x_wconf 88' lang='lat' dir='ltr'>Heinricus</span> <span class='ocrx_word' id='word_1_251' title='bbox 1486 2338 1538 2378; x_wconf 85' lang='lat' dir='ltr'>de</span> <span class='ocrx_word' id='word_1_252' title='bbox 1579 2338 1817 2377; x_wconf 80' lang='lat' dir='ltr'>Boliorlicz.</span> <span class='ocrx_word' id='word_1_253' title='bbox 1865 2337 2063 2377; x_wconf 81' lang='lat' dir='ltr'>Thomas.</span> 
     </span>
     <span class='ocr_line' id='line_1_31' title="bbox 203 2405 2065 2460; baseline -0.001 -14"><span class='ocrx_word' id='word_1_254' title='bbox 203 2406 502 2460; x_wconf 79' lang='lat' dir='ltr'>Appollinaris7</span> <span class='ocrx_word' id='word_1_255' title='bbox 536 2407 743 2457; x_wconf 81' lang='lat' dir='ltr'>capellani</span> <span class='ocrx_word' id='word_1_256' title='bbox 776 2407 921 2446; x_wconf 91' lang='lat' dir='ltr'>nostri.</span> <span class='ocrx_word' id='word_1_257' title='bbox 962 2407 1104 2446; x_wconf 81' lang='lat' dir='ltr'>Laici:</span> <span class='ocrx_word' id='word_1_258' title='bbox 1144 2406 1457 2460; x_wconf 83' lang='lat' dir='ltr'>Egkarammus</span> <span class='ocrx_word' id='word_1_259' title='bbox 1490 2407 1750 2460; x_wconf 86' lang='lat' dir='ltr'>burgrauius</span> <span class='ocrx_word' id='word_1_260' title='bbox 1784 2407 1836 2446; x_wconf 89' lang='lat' dir='ltr'>de</span> <span class='ocrx_word' id='word_1_261' title='bbox 1868 2405 2065 2447; x_wconf 69' lang='lat' dir='ltr'>Snohem.</span> 
     </span>
     <span class='ocr_line' id='line_1_32' title="bbox 203 2473 2063 2527; baseline -0.002 -11"><span class='ocrx_word' id='word_1_262' title='bbox 203 2475 452 2526; x_wconf 85' lang='lat' dir='ltr'>Stephanus</span> <span class='ocrx_word' id='word_1_263' title='bbox 499 2476 551 2515; x_wconf 89' lang='lat' dir='ltr'>de</span> <span class='ocrx_word' id='word_1_264' title='bbox 597 2475 854 2516; x_wconf 88' lang='lat' dir='ltr'>Medelowe.</span> <span class='ocrx_word' id='word_1_265' title='bbox 903 2475 1129 2516; x_wconf 84' lang='lat' dir='ltr'>Zemzlaus</span> <span class='ocrx_word' id='word_1_266' title='bbox 1176 2475 1229 2514; x_wconf 89' lang='lat' dir='ltr'>de</span> <span class='ocrx_word' id='word_1_267' title='bbox 1276 2475 1543 2527; x_wconf 86' lang='lat' dir='ltr'>Morcwycz.</span> <span class='ocrx_word' id='word_1_268' title='bbox 1590 2475 1834 2515; x_wconf 86' lang='lat' dir='ltr'>Kosmatha.</span> <span class='ocrx_word' id='word_1_269' title='bbox 1880 2473 2063 2513; x_wconf 87' lang='lat' dir='ltr'>Herrich</span> 
     </span>
    </p>
   </div>
  </div>
 </body>
</html>
