2212 2876
943 107 1146 168 —361

161 250 288 290 nobili
338 251 430 289 viro
476 249 655 290 Victori.
727 247 822 304 Qui,
870 251 994 300 prout
1039 249 1192 303 decuit,
1242 248 1532 288 celsitudinem
1579 260 1657 289 sue
1695 248 2036 305 magnificencie,

162 320 288 373 regio
323 318 473 359 affectu
506 319 624 358 simul
658 323 700 359 et
733 330 915 358 assensu
949 318 1069 357 michi
1110 319 1286 370 prestito
1330 329 1387 357 ex
1425 316 1616 358 fraterna
1657 319 1845 358 caritatis
1887 318 2036 358 dulce-

161 388 257 427 dine
281 392 323 428 et
353 389 547 440 peticioni
573 389 717 428 annuit
741 388 933 441 benigne
964 387 1190 427 uoluntatis
1224 398 1301 426 sue
1335 398 1531 440 occursu⁷
1565 390 1608 426 et
1639 388 1853 438 presentis
1886 387 2034 439 scripti

163 458 362 512 paginam
396 458 562 511 regalis
596 458 658 496 sui
700 457 832 511 sigilli
865 457 1126 508 appensione
1160 457 1350 495 munitam
1383 456 1623 495 roborando
1665 453 1828 495 effectui
1863 456 2037 495 deside-

161 529 254 565 rato
296 527 558 577 mancipauit.
621 525 711 567 Sed
754 537 807 565 ne
841 526 1105 576 imposterum
1140 525 1424 576 calumpniose
1458 528 1605 564 contra
1638 525 1760 564 huius
1793 536 1886 564 mee
1918 526 2038 577 prin-

163 595 313 646 cipalis
348 590 586 634 donationis
619 607 765 634 munus
791 594 1019 634 exhibitum
1053 594 1180 634 nobili
1214 595 1304 633 meo
1331 594 1494 633 Victori
1528 593 1597 632 uel
1621 595 1856 645 posteritati
1891 595 2038 649 ipsius,

162 665 423 704 auctoritatis
457 664 583 718 regie
617 668 826 715 potestate
860 662 1155 717 confirmatum,
1188 674 1329 718 agere.
1368 663 1685 714 attemptatibus
1715 667 1928 714 prestetur
1959 675 2039 703 au-

163 732 301 787 dacia7
324 733 392 772 uel
419 733 677 787 malignandi
711 736 907 772 occurrat
934 733 1122 783 inpulsus
1148 732 1224 786 eis7
1251 733 1317 784 qui
1344 732 1543 771 bonorum
1569 731 1757 771 inuident
1781 730 2039 783 profectibus

164 804 207 841 et
249 800 487 856 infringere
527 805 623 841 acta
665 802 893 853 principum
937 802 1121 841 nituntur
1163 801 1254 840 zelo
1297 800 1466 853 inuidit}⁷
1508 799 1560 839 ad
1605 800 1848 851 sopiendum
1890 801 2039 856 omnia,

164 871 200 910 si
235 882 316 922 que
350 872 601 910 emerserint
632 870 863 910 huiusmodi
891 870 1223 909 machinamenta
1257 869 1531 920 quorumlibet
1566 868 1772 908 beneficia
1805 873 2040 909 castrorum

164 939 464 991 possidentium
504 944 546 979 et
577 939 753 979 aliorum
794 939 968 978 omnium
1009 937 1265 978 confutanda
1303 937 1577 992 malignande
1618 936 1779 976 fraudis
1823 939 2041 994 astuciam,

164 1012 207 1048 et
239 1008 447 1048 silentium
487 1007 659 1047 cunctis
684 1007 986 1061 imponendum,
1026 1019 1079 1047 ne
1113 1006 1271 1046 furioso
1313 1007 1490 1058 quodam
1531 1007 1681 1058 impetu
1723 1007 1844 1045 animi
1880 1008 2041 1057 possint

163 1077 412 1117 oblatrando
446 1078 609 1117 iusticie
650 1077 839 1131 obuiare7
883 1082 924 1116 et
958 1066 1074 1116 irrita
1106 1075 1252 1115 facere
1286 1075 1503 1115 celebrata
1545 1075 1830 1126 sollempniter
1861 1076 2041 1128 testium,

163 1147 231 1198 qui
265 1135 483 1199 affuerunt,
523 1146 809 1200 adnotatione,
851 1150 892 1185 et
925 1146 993 1197 qui
1034 1147 1368 1184 intercesserunt
1406 1144 1692 1196 personaliter
1735 1145 1965 1198 presentia.
1999 1147 2042 1184 et

161 1216 230 1267 qui
271 1216 528 1255 circuierunt
573 1216 709 1254 tocius
750 1215 986 1254 donationis
1026 1218 1159 1254 metas
1204 1214 1522 1268 distinguendo,
1566 1214 1849 1268 assignando,
1890 1214 2031 1268 signis

164 1282 460 1338 confirmando,
494 1285 610 1323 iuxta
636 1285 851 1323 consilium
885 1285 1066 1323 uirorum
1092 1283 1300 1336 nobilium,
1334 1283 1484 1335 quibus
1513 1283 1699 1334 desuper
1731 1295 1756 1322 a
1790 1283 1869 1322 deo
1904 1283 2041 1323 datum

164 1359 244 1405 est.
277 1353 451 1392 affluere
479 1353 746 1393 discretionis
780 1354 1057 1407 prouidentia,
1084 1351 1323 1392 contirinaui
1358 1354 1397 1392 in
1427 1355 1671 1404 perpetuum
1704 1363 1804 1392 esse
1828 1353 2041 1405 inuiolata.²

164 1426 207 1462 et
239 1433 489 1474 permanere
523 1423 704 1462 stabilia.
769 1422 888 1471 Quod
929 1423 965 1462 si
999 1422 1321 1461 accidentaliter
1354 1422 1592 1475 contingat7
1634 1421 1874 1460 labentibus
1906 1421 2042 1460 homi-

165 1492 288 1531 nibus
337 1493 377 1530 in
425 1492 669 1545 ingressum
712 1493 916 1531 universe
964 1494 1105 1530 carnis
1146 1491 1263 1530 simul
1313 1490 1392 1530 hoc
1433 1490 1516 1529 labi
1565 1492 1607 1530 in
1659 1490 1922 1545 obliuionem7
1965 1495 2050 1542 per'

165 1561 310 1612 scripti
345 1562 578 1600 memoriam
611 1562 726 1600 uiuat
759 1572 926 1612 semper
959 1561 1146 1599 omnibus
1180 1561 1220 1599 in
1255 1559 1604 1599 recordationem.
1669 1559 1901 1599 Generatio
1935 1560 2043 1599 enim

168 1632 356 1682 preterit7
391 1633 433 1668 et
466 1631 695 1683 generatio
730 1630 914 1683 aduenit,
956 1631 1063 1669 sicut
1098 1633 1164 1669 est
1195 1629 1421 1668 uoluntatis
1455 1628 1616 1681 diuine3
1649 1629 1724 1667 sed
1761 1630 1869 1680 quod
1902 1629 2043 1668 littere

167 1698 409 1738 declaratur
456 1700 731 1751 exau-acione,
778 1699 926 1737 lectum
974 1699 1213 1738 uiuentibus
1260 1698 1376 1750 uiuit7
1426 1708 1505 1736 nec
1560 1698 1772 1748 perimitur
1820 1698 2042 1737 obliuione.

165 1767 300 1807 Huius
341 1770 478 1806 autem
517 1767 579 1806 rei
622 1768 750 1818 prime
800 1767 839 1805 in
882 1767 981 1806 villa
1026 1768 1195 1807 Huzow
1235 1766 1288 1805 de
1328 1767 1469 1819 terris7
1521 1766 1683 1804 Victori
1725 1777 1801 1817 per
1841 1766 2043 1805 dominum

167 1835 460 1876 Marchionem
500 1836 678 1890 collatis7
722 1840 843 1886 prout
883 1836 1078 1887 superius
1120 1836 1269 1874 dictum
1311 1838 1390 1888 est,
1434 1836 1746 1873 intercessores
1787 1833 1967 1889 suerunt,
2001 1839 2044 1874 et

169 1916 246 1956 per
270 1905 471 1944 dominum
496 1915 647 1958 regem
673 1906 740 1955 pie
766 1906 961 1943 memorie
988 1904 1229 1944 Ottacarum
1264 1902 1513 1943 confirmatis
1542 1903 1692 1942 nobilis
1716 1905 1779 1942 uir
1796 1904 2042 1955 Stephanus

169 1973 222 2013 de
256 1973 447 2013 Medlow
480 1977 522 2014 et
552 1973 779 2014 Swezlaus
813 1973 864 2012 de
893 1973 1099 2012 borutow.
1133 1974 1170 2012 12·
1202 1976 1302 2023 aput
1334 1972 1533 2011 dominum
1566 1972 1859 2011 marchionem.
1892 1973 2043 2012 Vocco

167 2040 272 2082 filius
306 2042 479 2081 Boruth.
507 2046 548 2082 et
574 2040 731 2083 Cei-hh.
766 2043 835 2081 Ilii
862 2046 996 2081 autem
1025 2038 1146 2081 liuius
1181 2041 1415 2081 donationis
1449 2045 1606 2080 testes:
1640 2041 1871 2081 Bohubico.
1908 2041 2043 2081 Dete-

168 2112 294 2151 ricus.
329 2110 433 2150 filius
467 2109 616 2151 Gruth.
651 2110 799 2152 Ctibor
832 2109 935 2150 tilius
969 2104 1204 2161 l’redwoy.ss
1229 2110 1434 2149 Jacobus.
1470 2110 1685 2149 Protiwen
1720 2108 1824 2149 tilius
1848 2110 2042 2149 Zulizlai.

169 2179 286 2221 Onso
318 2178 425 2219 filius
458 2180 578 2219 Blud.
613 2180 822 2220 Zlawata.
857 2181 1041 2231 Zpitata.
1084 2180 1225 2231 Super
1256 2180 1383 2219 terris
1416 2190 1520 2218 uero
1553 2179 1631 2218 sibi
1667 2179 1829 2218 collatis
1861 2183 1905 2218 ut
1940 2189 2041 2230 pre-

168 2249 346 2288 diximus
380 2250 420 2288 in
452 2249 551 2288 villa
584 2249 732 2288 'Powir
765 2254 806 2289 et
833 2250 873 2288 in
906 2249 1004 2288 villa
1038 2250 1234 2288 semitess
1258 2278 1267 2287 .
1291 2278 1300 2286 .
1333 2248 1462 2287 castri
1497 2247 1802 2302 olomucensis7
1835 2259 1956 2299 quam
1989 2247 2043 2288 de

171 2316 373 2358 Gradech
407 2321 448 2357 et
470 2319 598 2357 terris
631 2318 796 2358 domine
828 2318 1133 2358 marchionisse
1168 2321 1209 2357 et
1236 2321 1498 2371 uenatorum7
1533 2320 1575 2356 et
1606 2317 1648 2356 in
1674 2317 1776 2356 villa
1807 2313 2042 2357 Bukouene

170 2398 254 2426 una
286 2390 401 2426 terra
425 2390 672 2426 uenatorum
704 2387 772 2427 isti
805 2388 1117 2426 intercessores
1150 2387 1401 2426 extiterunt:
1436 2386 1689 2426 Ranocerus
1722 2384 1827 2425 filius
1862 2385 2041 2425 XVelen.

172 2453 398 2496 Conradus
446 2456 499 2495 de
547 2456 749 2496 Plauech.
812 2457 882 2495 Ilii
931 2461 1067 2497 autem
1116 2456 1480 2507 perambulatores
1529 2458 1733 2495 terrarum
1781 2453 1961 2508 fuerunt,
2000 2457 2043 2493 et

173 2526 474 2580 assignatores
507 2525 639 2580 simul,
667 2528 708 2564 et
732 2529 930 2565 metarum
964 2525 1256 2565 distinctores:
1298 2523 1521 2566 conradus
1547 2523 1832 2565 Camerarius.
1865 2522 2042 2563 Beneda

1657 2593 1726 2633 46
