2212 2876
136 224 266 264 super
305 213 438 252 locum
480 215 522 251 et
562 210 679 249 circa
718 209 853 249 locum
905 207 959 248 ad
999 205 1164 247 edificia
1211 205 1498 246 construenda
1545 204 1817 261 sulliciencia7
1856 205 2019 245 hortum

137 284 253 321 circa
285 282 433 335 locum7
467 280 572 320 duos
604 277 743 318 sontes
771 278 939 317 ductiue
972 288 1102 328 super
1134 276 1267 315 locum
1296 275 1471 314 nobiles.
1510 276 1614 315 Item
1646 275 1758 314 bona
1789 287 2022 315 marcarum

138 352 308 406 uiginti⁷
343 350 560 390 duodecim
594 352 790 387 araturas
823 345 974 387 fertilis
1009 350 1124 385 terre
1159 345 1211 384 de
1245 345 1427 396 pecunia
1453 355 1546 384 mea
1578 345 1799 384 instituam.
1839 345 2022 395 Insuper

139 421 276 460 villam
320 418 461 459 fratris
502 419 579 457 mei
623 417 838 470 Pribislai7
886 416 1051 455 nomine
1092 414 1401 468 Sarbedunam7
1448 414 1636 453 claustro
1679 412 1909 468 conseram7
1951 413 2023 454 ubi

138 492 236 529 sunt
260 493 381 540 prata
408 488 558 527 nobilis
582 484 667 525 seni
690 484 861 539 infinita7
888 485 1157 536 plscaciones
1184 485 1309 538 bone7
1336 495 1506 523 nemora
1530 484 1655 523 bona.
1695 484 1796 537 Ego
1822 492 2023 534 preterea

139 558 286 597 siluam
329 558 382 597 ad
429 555 647 596 faciendas
680 555 804 594 uillas
844 555 948 594 satis
990 552 1107 593 sundi
1147 554 1361 605 copiosam
1395 553 1600 592 inducam.
1665 553 1846 604 Insuper
1886 552 2022 605 quoad

140 628 306 678 uixero,
341 638 365 665 a
408 626 545 665 dando
587 636 671 664 non
704 624 901 664 cessabo.
966 623 1069 663 Item
1110 627 1288 675 quatuor
1321 622 1556 662 molendina
1596 633 1779 662 marcam
1813 623 2024 663 annuatim

139 697 357 737 soluencia
391 695 443 734 ad
477 695 696 734 luminaria
738 694 924 733 ecclesie
958 696 1164 744 perpetuo
1206 690 1416 732 conferre.
1480 692 1584 732 Item
1624 689 1880 732 edificiorum
1919 703 2022 732 suc-

144 766 233 806 cisa
264 765 389 820 ligna
421 775 553 816 super
585 764 719 803 locum
751 762 1031 814 prescindere
1065 760 1228 801 faciam.

457 894 512 926 Ex
535 894 741 925 analectis
766 893 857 925 Mss.
880 892 912 925 J.
937 892 978 924 E.
1002 891 1153 934 Horky.

996 1079 1165 1119 XXXI.

144 1194 359 1249 Piemysl,
393 1209 478 1236 rea:
500 1197 774 1248 Boemormn,
807 1198 984 1236 renovat
1014 1198 1053 1235 et
1080 1197 1207 1248 auyel
1236 1196 1442 1236 ecclesiae
1467 1196 1763 1237 olomucensis
1798 1197 2024 1250 libertates,

206 1269 245 1306 et
271 1269 501 1319 proventus
529 1268 856 1319 praepositurae
889 1266 941 1306 de
971 1277 1080 1305 novo
1115 1269 1282 1306 creatae
1313 1268 1518 1319 assignat.
1559 1268 1713 1308 Actum
1739 1267 1964 1320 Olomuciz',

282 1436 390 1507 C†.
413 1457 460 1496 In
488 1458 651 1496 nomIne
676 1460 825 1496 sancte
852 1459 894 1495 et
917 1456 1129 1496 indiuidue
1155 1457 1365 1496 trinitatiS.
1400 1457 1501 1511 Ego
1528 1457 1757 1510 Premyssl
1778 1457 1846 1497 dei
1872 1459 2027 1512 gracia

146 1539 227 1567 rex
259 1529 507 1567 Boemorum
541 1527 714 1565 tercius.
779 1525 1031 1565 Venerabili
1073 1527 1271 1578 episcopo
1314 1526 1588 1567 olomucensi
1626 1527 1815 1568 Ruberlo
1854 1529 2027 1579 suisque

148 1596 477 1636 successoribus
512 1599 553 1635 et
587 1595 854 1636 olomucensi
897 1595 1083 1635 ecclesie
1117 1597 1158 1635 in
1192 1599 1451 1647 perpetuum.
1517 1594 1621 1637 Cum
1661 1597 1789 1651 regie
1829 1596 2028 1651 dignitati

149 1667 274 1705 cedat
307 1665 360 1704 ad
394 1665 575 1719 gloriam
609 1666 811 1716 quociens
843 1668 1032 1703 sanctam
1067 1669 1299 1704 veneratur
1322 1669 1364 1704 et
1396 1666 1590 1705 sublimat
1618 1666 1856 1706 ecclesiam.
1882 1671 2028 1706 nostre

151 1736 303 1787 placuit
336 1735 556 1773 serenitati
597 1736 688 1774 eius
723 1734 948 1786 preuidere
988 1735 1238 1773 necessitati
1278 1735 1335 1774 ita
1368 1738 1412 1773 ut
1445 1739 1590 1774 nostre
1632 1735 1912 1789 benignitatis
1945 1747 2028 1776 ex-

148 1806 337 1856 periatur
385 1802 594 1843 beneficia
644 1808 685 1843 et
735 1804 856 1843 nobis
905 1802 1003 1842 inde
1047 1805 1298 1854 proueniant
1345 1804 1472 1843 diuini
1513 1805 1697 1844 muneris
1738 1805 2027 1845 emolumenta.

150 1875 330 1913 Nouerit
372 1874 512 1925 itaque
562 1876 641 1913 tam
692 1884 874 1924 presens
924 1876 1017 1912 etas
1058 1884 1178 1924 quam
1220 1871 1360 1912 sutura
1408 1874 1650 1927 posteritas7
1700 1873 1809 1925 quod
1858 1876 2030 1927 antiqua

153 1942 442 1983 olomucensis
469 1942 656 1982 ecclesie
690 1945 949 1982 renouantes
974 1943 1204 1996 priuilegia
1239 1954 1382 1982 omnes
1407 1944 1709 1994 possessiones
1742 1944 1834 1983 eius
1861 1943 2029 1984 habitas

154 2012 225 2051 vel
261 2011 477 2051 habendas
511 2013 602 2051 siue
636 2013 720 2052 sint
752 2012 792 2051 in
826 2012 998 2051 Boemia
1032 2013 1123 2051 siue
1158 2013 1199 2051 in
1231 2013 1430 2053 Morauia
1462 2013 1515 2052 ab
1550 2014 1660 2052 omni
1692 2024 1861 2067 genere
1894 2014 2030 2053 tribu-

155 2084 286 2120 torum
312 2081 583 2134 vectigalium
606 2081 876 2121 collectarum
899 2081 1158 2133 aliarumque
1182 2082 1356 2121 omnium
1382 2082 1658 2122 exaccionum
1686 2093 1786 2122 esse
1810 2082 2029 2123 absolutas

154 2151 432 2191 decreuimus.
458 2151 691 2190 adicientes
716 2155 761 2190 ut
783 2151 919 2190 nullus
945 2162 1020 2201 pro
1046 2154 1278 2190 castrorum
1308 2149 1582 2190 edificacione
1606 2152 1677 2191 vel
1702 2150 2030 2193 reedificacione

155 2220 246 2259 siue
280 2231 355 2270 pro
384 2220 523 2270 aliqua
555 2221 773 2274 ingruenti
799 2220 1081 2271 expedicione
1115 2221 1344 2260 secundum
1378 2221 1487 2273 quod
1514 2222 1554 2260 in
1587 2222 1767 2273 antiquis
1794 2223 2033 2262 continetur

157 2288 412 2342 priuilegiis.
446 2287 635 2328 homines
675 2291 947 2341 episcopatus
981 2295 1023 2330 et
1065 2290 1252 2329 ecclesie
1293 2290 1448 2330 audeat
1486 2290 1736 2342 inquietare.
1800 2291 1881 2331 Jus
1921 2291 2031 2343 quod

159 2357 281 2396 datur
314 2368 388 2408 pro
415 2358 554 2409 capite
588 2360 679 2398 siue
707 2371 781 2410 pro
815 2358 907 2399 fure
931 2360 1001 2399 vel
1033 2372 1109 2411 pro
1135 2359 1256 2399 swod
1288 2360 1465 2411 principi
1492 2360 1562 2399 vel
1596 2361 1688 2399 eius
1712 2358 2031 2401 inbeneficiatis.

163 2427 396 2466 venerabili
432 2428 541 2478 patri
575 2432 718 2467 nostro
752 2429 944 2468 Ruberto
979 2430 1180 2481 episcopo
1215 2433 1257 2469 et
1289 2430 1380 2468 eius
1413 2430 1740 2470 successoribus
1773 2430 2033 2470 et'ecclesie

159 2496 447 2535 concessimus
482 2502 683 2548 perpetuo
719 2498 997 2538 obtinendum.
1062 2499 1156 2538 Hoc
1196 2502 1433 2539 statuentes
1467 2499 1520 2539 de
1539 2497 1646 2539 'sure
1687 2501 1723 2539 si
1756 2500 1797 2539 in
1830 2497 2031 2539 maleficio
