<?xml version="1.0" encoding="UTF-8"?>
<!DOCTYPE html PUBLIC "-//W3C//DTD XHTML 1.0 Transitional//EN"
    "http://www.w3.org/TR/xhtml1/DTD/xhtml1-transitional.dtd">
<html xmlns="http://www.w3.org/1999/xhtml" xml:lang="en" lang="en">
 <head>
  <title>
</title>
<meta http-equiv="Content-Type" content="text/html;charset=utf-8" />
  <meta name='ocr-system' content='tesseract 3.04.00' />
  <meta name='ocr-capabilities' content='ocr_page ocr_carea ocr_par ocr_line ocrx_word'/>
</head>
<body>
  <div class='ocr_page' id='page_1' title='image "./codexdiplomaticu02morauoft_0360.png"; bbox 0 0 2212 2876; ppageno 0'>
   <div class='ocr_carea' id='block_1_1' title="bbox 1276 51 1393 70">
    <p class='ocr_par' dir='ltr' id='par_1_1' title="bbox 1276 45 1393 70">
     <span class='ocr_line' id='line_1_1' title="bbox 1276 51 1393 70; baseline 0.009 -3"><span class='ocrx_word' id='word_1_1' title='bbox 1276 51 1322 68; x_wconf 46' lang='grc' dir='ltr'><strong>μ’)</strong></span> <span class='ocrx_word' id='word_1_2' title='bbox 1333 56 1345 67; x_wconf 73' lang='grc' dir='ltr'>ἰ</span> <span class='ocrx_word' id='word_1_3' title='bbox 1389 66 1393 70; x_wconf 94' lang='grc'><strong>,</strong></span> 
     </span>
    </p>
   </div>
   <div class='ocr_carea' id='block_1_2' title="bbox 1076 92 1183 133">
    <p class='ocr_par' dir='ltr' id='par_1_2' title="bbox 1076 92 1183 133">
     <span class='ocr_line' id='line_1_2' title="bbox 1076 92 1183 133; baseline 0 0"><span class='ocrx_word' id='word_1_4' title='bbox 1076 92 1183 133; x_wconf 84' lang='grc'><strong>350</strong></span> 
     </span>
    </p>
   </div>
   <div class='ocr_carea' id='block_1_3' title="bbox 969 158 1187 161">
    <p class='ocr_par' dir='ltr' id='par_1_3' title="bbox 969 158 1187 161">
     <span class='ocr_line' id='line_1_3' title="bbox 969 158 1187 161; baseline 0 0"><span class='ocrx_word' id='word_1_5' title='bbox 969 158 1187 161; x_wconf 95' lang='lat' dir='ltr'><strong> </strong></span> 
     </span>
    </p>
   </div>
   <div class='ocr_carea' id='block_1_4' title="bbox 186 235 2069 1042">
    <p class='ocr_par' dir='ltr' id='par_1_4' title="bbox 186 235 2069 1042">
     <span class='ocr_line' id='line_1_4' title="bbox 188 235 2063 288; baseline 0.001 -12"><span class='ocrx_word' id='word_1_6' title='bbox 188 237 392 288; x_wconf 85' lang='lat' dir='ltr'><strong>inspirata</strong></span> <span class='ocrx_word' id='word_1_7' title='bbox 435 237 632 276; x_wconf 89' lang='lat' dir='ltr'><strong>diuinitus</strong></span> <span class='ocrx_word' id='word_1_8' title='bbox 675 237 825 276; x_wconf 90' lang='lat' dir='ltr'><strong>dicitur</strong></span> <span class='ocrx_word' id='word_1_9' title='bbox 867 236 956 275; x_wconf 85' lang='lat' dir='ltr'><strong>suis</strong></span> <span class='ocrx_word' id='word_1_10' title='bbox 1005 235 1237 287; x_wconf 81' lang='lat' dir='ltr'><strong>sumptibus</strong></span> <span class='ocrx_word' id='word_1_11' title='bbox 1277 235 1519 275; x_wconf 79' lang='lat' dir='ltr'><strong>inchoasse.</strong></span> <span class='ocrx_word' id='word_1_12' title='bbox 1559 235 1612 275; x_wconf 87' lang='lat' dir='ltr'><strong>ad</strong></span> <span class='ocrx_word' id='word_1_13' title='bbox 1653 236 1784 288; x_wconf 85' lang='lat' dir='ltr'><strong>ipsius</strong></span> <span class='ocrx_word' id='word_1_14' title='bbox 1824 237 2063 277; x_wconf 88' lang='lat' dir='ltr'><strong>instantiam</strong></span> 
     </span>
     <span class='ocr_line' id='line_1_5' title="bbox 186 303 2063 359; baseline 0.001 -15"><span class='ocrx_word' id='word_1_15' title='bbox 186 306 426 346; x_wconf 81' lang='lat' dir='ltr'>mandemus</span> <span class='ocrx_word' id='word_1_16' title='bbox 460 318 537 357; x_wconf 90' lang='lat' dir='ltr'><strong>per</strong></span> <span class='ocrx_word' id='word_1_17' title='bbox 578 305 865 345; x_wconf 84' lang='lat' dir='ltr'><strong>venerabilem</strong></span> <span class='ocrx_word' id='word_1_18' title='bbox 907 303 1082 344; x_wconf 90' lang='lat' dir='ltr'><strong>fratrem</strong></span> <span class='ocrx_word' id='word_1_19' title='bbox 1122 309 1307 344; x_wconf 90' lang='lat' dir='ltr'><strong>nostrum</strong></span> <span class='ocrx_word' id='word_1_20' title='bbox 1340 333 1350 343; x_wconf 88' lang='lat'><strong>.</strong></span> <span class='ocrx_word' id='word_1_21' title='bbox 1384 333 1393 343; x_wconf 89' lang='lat'><strong>.</strong></span> <span class='ocrx_word' id='word_1_22' title='bbox 1427 305 1653 356; x_wconf 79' lang='lat' dir='ltr'><strong>Episopum</strong></span> <span class='ocrx_word' id='word_1_23' title='bbox 1695 305 1967 359; x_wconf 87' lang='lat' dir='ltr'><strong>Pragensem</strong></span> <span class='ocrx_word' id='word_1_24' title='bbox 2010 306 2063 346; x_wconf 89' lang='lat' dir='ltr'><strong>de</strong></span> 
     </span>
     <span class='ocr_line' id='line_1_6' title="bbox 187 372 2064 426; baseline 0 -12"><span class='ocrx_word' id='word_1_25' title='bbox 187 374 402 414; x_wconf 83' lang='lat' dir='ltr'>diocesani</span> <span class='ocrx_word' id='word_1_26' title='bbox 435 375 517 414; x_wconf 91' lang='lat' dir='ltr'><strong>loci</strong></span> <span class='ocrx_word' id='word_1_27' title='bbox 541 387 724 414; x_wconf 79' lang='lat' dir='ltr'><strong>assensn</strong></span> <span class='ocrx_word' id='word_1_28' title='bbox 758 385 848 413; x_wconf 87' lang='lat' dir='ltr'><strong>cum</strong></span> <span class='ocrx_word' id='word_1_29' title='bbox 874 378 1118 414; x_wconf 88' lang='lat' dir='ltr'><strong>consumata</strong></span> <span class='ocrx_word' id='word_1_30' title='bbox 1152 372 1565 413; x_wconf 88' lang='lat' dir='ltr'><strong>fuerit-consecrari.</strong></span> <span class='ocrx_word' id='word_1_31' title='bbox 1592 375 1779 413; x_wconf 90' lang='lat' dir='ltr'><strong>omnibus</strong></span> <span class='ocrx_word' id='word_1_32' title='bbox 1812 386 1916 414; x_wconf 87' lang='lat' dir='ltr'><strong>uere</strong></span> <span class='ocrx_word' id='word_1_33' title='bbox 1943 376 2064 426; x_wconf 91' lang='lat' dir='ltr'><strong>peni-</strong></span> 
     </span>
     <span class='ocr_line' id='line_1_7' title="bbox 186 442 2064 495; baseline 0.001 -13"><span class='ocrx_word' id='word_1_34' title='bbox 186 444 370 483; x_wconf 80' lang='lat' dir='ltr'>tentibus</span> <span class='ocrx_word' id='word_1_35' title='bbox 411 447 452 483; x_wconf 92' lang='lat' dir='ltr'><strong>et</strong></span> <span class='ocrx_word' id='word_1_36' title='bbox 491 442 701 483; x_wconf 78' lang='lat' dir='ltr'><strong>confessis</strong></span> <span class='ocrx_word' id='word_1_37' title='bbox 742 445 810 495; x_wconf 88' lang='lat' dir='ltr'><strong>qui</strong></span> <span class='ocrx_word' id='word_1_38' title='bbox 853 443 894 482; x_wconf 93' lang='lat' dir='ltr'><strong>in</strong></span> <span class='ocrx_word' id='word_1_39' title='bbox 935 444 1002 482; x_wconf 92' lang='lat' dir='ltr'><strong>die</strong></span> <span class='ocrx_word' id='word_1_40' title='bbox 1045 443 1322 483; x_wconf 77' lang='lat' dir='ltr'><strong>dedicationis</strong></span> <span class='ocrx_word' id='word_1_41' title='bbox 1363 443 1453 482; x_wconf 86' lang='lat' dir='ltr'><strong>eius</strong></span> <span class='ocrx_word' id='word_1_42' title='bbox 1488 444 1541 482; x_wconf 87' lang='lat' dir='ltr'><strong>ad</strong></span> <span class='ocrx_word' id='word_1_43' title='bbox 1575 444 1683 483; x_wconf 87' lang='lat' dir='ltr'><strong>illam</strong></span> <span class='ocrx_word' id='word_1_44' title='bbox 1717 455 1806 483; x_wconf 92' lang='lat' dir='ltr'><strong>cum</strong></span> <span class='ocrx_word' id='word_1_45' title='bbox 1841 444 2064 484; x_wconf 91' lang='lat' dir='ltr'><strong>deuotione</strong></span> 
     </span>
     <span class='ocr_line' id='line_1_8' title="bbox 187 512 2066 567; baseline 0 -15"><span class='ocrx_word' id='word_1_46' title='bbox 187 514 466 552; x_wconf 77' lang='lat' dir='ltr'><strong>accesserint.</strong></span> <span class='ocrx_word' id='word_1_47' title='bbox 502 512 801 567; x_wconf 78' lang='lat' dir='ltr'><strong>Quadraginta</strong></span> <span class='ocrx_word' id='word_1_48' title='bbox 835 513 926 552; x_wconf 92' lang='lat' dir='ltr'><strong>dies</strong></span> <span class='ocrx_word' id='word_1_49' title='bbox 961 513 1012 552; x_wconf 92' lang='lat' dir='ltr'><strong>de</strong></span> <span class='ocrx_word' id='word_1_50' title='bbox 1047 513 1242 552; x_wconf 89' lang='lat' dir='ltr'><strong>iniunctis</strong></span> <span class='ocrx_word' id='word_1_51' title='bbox 1275 513 1354 551; x_wconf 85' lang='lat' dir='ltr'><strong>sibi</strong></span> <span class='ocrx_word' id='word_1_52' title='bbox 1388 514 1630 563; x_wconf 87' lang='lat' dir='ltr'><strong>penitentiis</strong></span> <span class='ocrx_word' id='word_1_53' title='bbox 1664 513 1885 552; x_wconf 88' lang='lat' dir='ltr'><strong>habituris.</strong></span> <span class='ocrx_word' id='word_1_54' title='bbox 1927 512 2066 554; x_wconf 84' lang='lat' dir='ltr'><strong>Sere-</strong></span> 
     </span>
     <span class='ocr_line' id='line_1_9' title="bbox 187 573 2065 636; baseline 0.001 -16"><span class='ocrx_word' id='word_1_55' title='bbox 187 582 356 621; x_wconf 90' lang='lat' dir='ltr'><strong>nitatem</strong></span> <span class='ocrx_word' id='word_1_56' title='bbox 388 586 497 621; x_wconf 86' lang='lat' dir='ltr'><strong>tuam</strong></span> <span class='ocrx_word' id='word_1_57' title='bbox 532 585 690 622; x_wconf 88' lang='lat' dir='ltr'><strong>attente</strong></span> <span class='ocrx_word' id='word_1_58' title='bbox 725 573 963 636; x_wconf 81' lang='lat' dir='ltr'><strong>rogandam</strong></span> <span class='ocrx_word' id='word_1_59' title='bbox 997 581 1187 621; x_wconf 83' lang='lat' dir='ltr'><strong>duximus</strong></span> <span class='ocrx_word' id='word_1_60' title='bbox 1222 586 1264 621; x_wconf 91' lang='lat' dir='ltr'><strong>et</strong></span> <span class='ocrx_word' id='word_1_61' title='bbox 1295 582 1552 621; x_wconf 89' lang='lat' dir='ltr'><strong>monendam.</strong></span> <span class='ocrx_word' id='word_1_62' title='bbox 1588 583 1781 634; x_wconf 82' lang='lat' dir='ltr'><strong>quatinus</strong></span> <span class='ocrx_word' id='word_1_63' title='bbox 1815 594 1888 633; x_wconf 89' lang='lat' dir='ltr'><strong>pro</strong></span> <span class='ocrx_word' id='word_1_64' title='bbox 1924 582 2065 622; x_wconf 89' lang='lat' dir='ltr'><strong>diuina</strong></span> 
     </span>
     <span class='ocr_line' id='line_1_10' title="bbox 187 651 2064 706; baseline 0 -16"><span class='ocrx_word' id='word_1_65' title='bbox 187 652 429 691; x_wconf 86' lang='lat' dir='ltr'><strong>reuerentia</strong></span> <span class='ocrx_word' id='word_1_66' title='bbox 462 655 504 690; x_wconf 90' lang='lat' dir='ltr'><strong>et</strong></span> <span class='ocrx_word' id='word_1_67' title='bbox 536 651 768 702; x_wconf 88' lang='lat' dir='ltr'><strong>apostolice</strong></span> <span class='ocrx_word' id='word_1_68' title='bbox 802 651 918 690; x_wconf 89' lang='lat' dir='ltr'><strong>sedis</strong></span> <span class='ocrx_word' id='word_1_69' title='bbox 952 662 1003 690; x_wconf 88' lang='lat' dir='ltr'><strong>ac</strong></span> <span class='ocrx_word' id='word_1_70' title='bbox 1037 656 1183 691; x_wconf 89' lang='lat' dir='ltr'><strong>nostra</strong></span> <span class='ocrx_word' id='word_1_71' title='bbox 1216 655 1258 690; x_wconf 90' lang='lat' dir='ltr'><strong>et</strong></span> <span class='ocrx_word' id='word_1_72' title='bbox 1297 651 1640 691; x_wconf 79' lang='lat' dir='ltr'><strong>consideratione</strong></span> <span class='ocrx_word' id='word_1_73' title='bbox 1684 651 1794 691; x_wconf 83' lang='lat' dir='ltr'><strong>dicte</strong></span> <span class='ocrx_word' id='word_1_74' title='bbox 1835 651 2064 706; x_wconf 79' lang='lat' dir='ltr'><strong>genitricis</strong></span> 
     </span>
     <span class='ocr_line' id='line_1_11' title="bbox 186 720 2065 773; baseline 0.001 -14"><span class='ocrx_word' id='word_1_75' title='bbox 186 723 256 760; x_wconf 93' lang='lat' dir='ltr'><strong>tue</strong></span> <span class='ocrx_word' id='word_1_76' title='bbox 288 724 475 771; x_wconf 88' lang='lat' dir='ltr'><strong>tempore</strong></span> <span class='ocrx_word' id='word_1_77' title='bbox 509 720 787 760; x_wconf 87' lang='lat' dir='ltr'><strong>dedicationis</strong></span> <span class='ocrx_word' id='word_1_78' title='bbox 821 721 951 772; x_wconf 90' lang='lat' dir='ltr'><strong>ipsius</strong></span> <span class='ocrx_word' id='word_1_79' title='bbox 985 721 1170 760; x_wconf 83' lang='lat' dir='ltr'><strong>ecclesie</strong></span> <span class='ocrx_word' id='word_1_80' title='bbox 1195 724 1374 773; x_wconf 88' lang='lat' dir='ltr'><strong>quatuor</strong></span> <span class='ocrx_word' id='word_1_81' title='bbox 1398 721 1642 772; x_wconf 89' lang='lat' dir='ltr'><strong>septimanis</strong></span> <span class='ocrx_word' id='word_1_82' title='bbox 1670 724 1781 760; x_wconf 89' lang='lat' dir='ltr'><strong>ante.</strong></span> <span class='ocrx_word' id='word_1_83' title='bbox 1807 733 1858 760; x_wconf 88' lang='lat' dir='ltr'><strong>ac</strong></span> <span class='ocrx_word' id='word_1_84' title='bbox 1886 724 2065 772; x_wconf 84' lang='lat' dir='ltr'><strong>quatuor</strong></span> 
     </span>
     <span class='ocr_line' id='line_1_12' title="bbox 187 789 2069 841; baseline 0.001 -13"><span class='ocrx_word' id='word_1_85' title='bbox 187 792 282 841; x_wconf 88' lang='lat' dir='ltr'><strong>post</strong></span> <span class='ocrx_word' id='word_1_86' title='bbox 314 789 420 829; x_wconf 84' lang='lat' dir='ltr'><strong>diem</strong></span> <span class='ocrx_word' id='word_1_87' title='bbox 454 790 731 830; x_wconf 87' lang='lat' dir='ltr'><strong>dedicationis</strong></span> <span class='ocrx_word' id='word_1_88' title='bbox 766 790 964 830; x_wconf 89' lang='lat' dir='ltr'><strong>eiusdem.</strong></span> <span class='ocrx_word' id='word_1_89' title='bbox 1004 791 1217 829; x_wconf 84' lang='lat' dir='ltr'><strong>uniuersis</strong></span> <span class='ocrx_word' id='word_1_90' title='bbox 1251 790 1302 830; x_wconf 89' lang='lat' dir='ltr'><strong>ad</strong></span> <span class='ocrx_word' id='word_1_91' title='bbox 1346 801 1437 830; x_wconf 88' lang='lat' dir='ltr'><strong>eam</strong></span> <span class='ocrx_word' id='word_1_92' title='bbox 1478 790 1745 829; x_wconf 85' lang='lat' dir='ltr'><strong>uenientibus</strong></span> <span class='ocrx_word' id='word_1_93' title='bbox 1784 790 1984 830; x_wconf 87' lang='lat' dir='ltr'><strong>thelonea</strong></span> <span class='ocrx_word' id='word_1_94' title='bbox 2025 793 2069 830; x_wconf 86' lang='lat' dir='ltr'><strong>et</strong></span> 
     </span>
     <span class='ocr_line' id='line_1_13' title="bbox 189 858 2068 913; baseline 0 -15"><span class='ocrx_word' id='word_1_95' title='bbox 189 860 398 913; x_wconf 89' lang='lat' dir='ltr'><strong>passagia</strong></span> <span class='ocrx_word' id='word_1_96' title='bbox 432 871 509 910; x_wconf 91' lang='lat' dir='ltr'><strong>per</strong></span> <span class='ocrx_word' id='word_1_97' title='bbox 541 863 682 899; x_wconf 91' lang='lat' dir='ltr'><strong>terras</strong></span> <span class='ocrx_word' id='word_1_98' title='bbox 715 863 810 899; x_wconf 87' lang='lat' dir='ltr'><strong>tuas</strong></span> <span class='ocrx_word' id='word_1_99' title='bbox 845 858 979 899; x_wconf 86' lang='lat' dir='ltr'><strong>facias</strong></span> <span class='ocrx_word' id='word_1_100' title='bbox 1013 860 1215 899; x_wconf 88' lang='lat' dir='ltr'><strong>relaxari.</strong></span> <span class='ocrx_word' id='word_1_101' title='bbox 1248 860 1305 899; x_wconf 88' lang='lat' dir='ltr'><strong>ita</strong></span> <span class='ocrx_word' id='word_1_102' title='bbox 1338 859 1447 911; x_wconf 87' lang='lat' dir='ltr'><strong>quod</strong></span> <span class='ocrx_word' id='word_1_103' title='bbox 1481 859 1560 899; x_wconf 89' lang='lat' dir='ltr'><strong>deo</strong></span> <span class='ocrx_word' id='word_1_104' title='bbox 1602 859 1760 900; x_wconf 87' lang='lat' dir='ltr'><strong>exinde</strong></span> <span class='ocrx_word' id='word_1_105' title='bbox 1801 860 1990 910; x_wconf 87' lang='lat' dir='ltr'><strong>placeas.</strong></span> <span class='ocrx_word' id='word_1_106' title='bbox 2025 861 2068 899; x_wconf 90' lang='lat' dir='ltr'><strong>et</strong></span> 
     </span>
     <span class='ocr_line' id='line_1_14' title="bbox 187 928 2068 980; baseline 0.001 -13"><span class='ocrx_word' id='word_1_107' title='bbox 187 940 266 968; x_wconf 89' lang='lat' dir='ltr'><strong>nos</strong></span> <span class='ocrx_word' id='word_1_108' title='bbox 299 929 556 968; x_wconf 83' lang='lat' dir='ltr'><strong>sinceritatis</strong></span> <span class='ocrx_word' id='word_1_109' title='bbox 590 933 660 969; x_wconf 91' lang='lat' dir='ltr'><strong>tue</strong></span> <span class='ocrx_word' id='word_1_110' title='bbox 694 929 826 968; x_wconf 85' lang='lat' dir='ltr'><strong>zelum</strong></span> <span class='ocrx_word' id='word_1_111' title='bbox 862 928 1067 980; x_wconf 78' lang='lat' dir='ltr'><strong>possimus</strong></span> <span class='ocrx_word' id='word_1_112' title='bbox 1108 930 1258 970; x_wconf 85' lang='lat' dir='ltr'><strong>merito</strong></span> <span class='ocrx_word' id='word_1_113' title='bbox 1295 929 1602 973; x_wconf 89' lang='lat' dir='ltr'><strong>commendare.</strong></span> <span class='ocrx_word' id='word_1_114' title='bbox 1665 929 1819 970; x_wconf 89' lang='lat' dir='ltr'><strong>Datum</strong></span> <span class='ocrx_word' id='word_1_115' title='bbox 1862 929 2068 969; x_wconf 84' lang='lat' dir='ltr'><strong>Laterani</strong></span> 
     </span>
     <span class='ocr_line' id='line_1_15' title="bbox 187 997 1597 1042; baseline 0.001 -5"><span class='ocrx_word' id='word_1_116' title='bbox 187 997 323 1037; x_wconf 90' lang='lat' dir='ltr'><strong>Nonis</strong></span> <span class='ocrx_word' id='word_1_117' title='bbox 356 998 623 1038; x_wconf 89' lang='lat' dir='ltr'><strong>Nouembris.</strong></span> <span class='ocrx_word' id='word_1_118' title='bbox 687 997 962 1038; x_wconf 85' lang='lat' dir='ltr'><strong>Pontilicatus</strong></span> <span class='ocrx_word' id='word_1_119' title='bbox 995 1000 1128 1038; x_wconf 86' lang='lat' dir='ltr'><strong>nostri</strong></span> <span class='ocrx_word' id='word_1_120' title='bbox 1159 999 1286 1039; x_wconf 87' lang='lat' dir='ltr'><strong>Anno</strong></span> <span class='ocrx_word' id='word_1_121' title='bbox 1320 998 1597 1042; x_wconf 78' lang='lat' dir='ltr'><strong>Duodecimn.</strong></span> 
     </span>
    </p>
   </div>
   <div class='ocr_carea' id='block_1_5' title="bbox 501 1097 1185 1142">
    <p class='ocr_par' dir='ltr' id='par_1_5' title="bbox 501 1097 1185 1142">
     <span class='ocr_line' id='line_1_16' title="bbox 501 1097 1185 1142; baseline -0.003 -10"><span class='ocrx_word' id='word_1_122' title='bbox 501 1099 556 1132; x_wconf 81' lang='lat' dir='ltr'><strong>Ex</strong></span> <span class='ocrx_word' id='word_1_123' title='bbox 580 1099 775 1142; x_wconf 81' lang='lat' dir='ltr'><strong>originali</strong></span> <span class='ocrx_word' id='word_1_124' title='bbox 806 1097 956 1140; x_wconf 88' lang='lat' dir='ltr'><strong>ejusdem</strong></span> <span class='ocrx_word' id='word_1_125' title='bbox 986 1099 1185 1131; x_wconf 87' lang='lat' dir='ltr'><strong>monasterii.</strong></span> 
     </span>
    </p>
   </div>
   <div class='ocr_carea' id='block_1_6' title="bbox 1048 1273 1201 1318">
    <p class='ocr_par' dir='ltr' id='par_1_6' title="bbox 1048 1273 1201 1318">
     <span class='ocr_line' id='line_1_17' title="bbox 1048 1273 1201 1318; baseline -0.007 -1"><span class='ocrx_word' id='word_1_126' title='bbox 1048 1273 1201 1318; x_wconf 86' lang='lat' dir='ltr'><strong>CCCI.</strong></span> 
     </span>
    </p>
   </div>
   <div class='ocr_carea' id='block_1_7' title="bbox 198 1370 2070 1424">
    <p class='ocr_par' dir='ltr' id='par_1_7' title="bbox 198 1370 2070 1424">
     <span class='ocr_line' id='line_1_18' title="bbox 198 1370 2070 1424; baseline 0 -14"><span class='ocrx_word' id='word_1_127' title='bbox 198 1371 489 1423; x_wconf 60' lang='lat' dir='ltr'><strong>VVence-s‘laus,</strong></span> <span class='ocrx_word' id='word_1_128' title='bbox 531 1384 616 1411; x_wconf 69' lang='lat' dir='ltr'><strong>rem</strong></span> <span class='ocrx_word' id='word_1_129' title='bbox 656 1372 876 1423; x_wconf 74' lang='lat' dir='ltr'><strong>Boemiae,</strong></span> <span class='ocrx_word' id='word_1_130' title='bbox 920 1370 1147 1424; x_wconf 59' lang='lat' dir='ltr'><strong>Gregorio,</strong></span> <span class='ocrx_word' id='word_1_131' title='bbox 1191 1370 1412 1423; x_wconf 77' lang='lat' dir='ltr'><strong>capellano</strong></span> <span class='ocrx_word' id='word_1_132' title='bbox 1455 1383 1547 1423; x_wconf 76' lang='lat' dir='ltr'><strong>suo,</strong></span> <span class='ocrx_word' id='word_1_133' title='bbox 1588 1373 1808 1410; x_wconf 79' lang='lat' dir='ltr'><strong>araturam</strong></span> <span class='ocrx_word' id='word_1_134' title='bbox 1849 1373 1889 1410; x_wconf 75' lang='lat' dir='ltr'><strong>et</strong></span> <span class='ocrx_word' id='word_1_135' title='bbox 1917 1371 2070 1411; x_wconf 78' lang='lat' dir='ltr'><strong>silvam</strong></span> 
     </span>
    </p>
   </div>
   <div class='ocr_carea' id='block_1_8' title="bbox 221 1438 2038 1564">
    <p class='ocr_par' dir='ltr' id='par_1_8' title="bbox 221 1438 2038 1564">
     <span class='ocr_line' id='line_1_19' title="bbox 221 1438 2038 1494; baseline -0.001 -14"><span class='ocrx_word' id='word_1_136' title='bbox 221 1441 266 1480; x_wconf 74' lang='lat' dir='ltr'><strong>iu·</strong></span> <span class='ocrx_word' id='word_1_137' title='bbox 296 1440 517 1482; x_wconf 72' lang='lat' dir='ltr'><strong>Lodenice</strong></span> <span class='ocrx_word' id='word_1_138' title='bbox 549 1455 575 1481; x_wconf 83' lang='lat' dir='ltr'><strong>a</strong></span> <span class='ocrx_word' id='word_1_139' title='bbox 604 1442 744 1494; x_wconf 75' lang='lat' dir='ltr'><strong>fratre</strong></span> <span class='ocrx_word' id='word_1_140' title='bbox 776 1454 854 1481; x_wconf 79' lang='lat' dir='ltr'><strong>suo</strong></span> <span class='ocrx_word' id='word_1_141' title='bbox 887 1438 1104 1493; x_wconf 68' lang='lat' dir='ltr'><strong>Premysl,</strong></span> <span class='ocrx_word' id='word_1_142' title='bbox 1144 1440 1392 1480; x_wconf 72' lang='lat' dir='ltr'><strong>marchione</strong></span> <span class='ocrx_word' id='word_1_143' title='bbox 1430 1441 1670 1492; x_wconf 65' lang='lat' dir='ltr'><strong>Mor-ariae,</strong></span> <span class='ocrx_word' id='word_1_144' title='bbox 1704 1440 1901 1480; x_wconf 78' lang='lat' dir='ltr'><strong>domtlam</strong></span> <span class='ocrx_word' id='word_1_145' title='bbox 1934 1452 2038 1480; x_wconf 78' lang='lat' dir='ltr'><strong>con-</strong></span> 
     </span>
     <span class='ocr_line' id='line_1_20' title="bbox 620 1509 1636 1564; baseline -0.001 -14"><span class='ocrx_word' id='word_1_146' title='bbox 620 1511 773 1564; x_wconf 76' lang='lat' dir='ltr'><strong>firmat.</strong></span> <span class='ocrx_word' id='word_1_147' title='bbox 822 1512 894 1550; x_wconf 74' lang='lat' dir='ltr'><strong>Dc.</strong></span> <span class='ocrx_word' id='word_1_148' title='bbox 927 1510 1142 1551; x_wconf 73' lang='lat' dir='ltr'><strong>Kalendis</strong></span> <span class='ocrx_word' id='word_1_149' title='bbox 1176 1509 1442 1562; x_wconf 73' lang='lat' dir='ltr'><strong>Decembris,</strong></span> <span class='ocrx_word' id='word_1_150' title='bbox 1483 1509 1636 1551; x_wconf 72' lang='lat'><strong>1:238.</strong></span> 
     </span>
    </p>
   </div>
   <div class='ocr_carea' id='block_1_9' title="bbox 190 1603 2071 2565">
    <p class='ocr_par' dir='ltr' id='par_1_9' title="bbox 190 1603 2071 2565">
     <span class='ocr_line' id='line_1_21' title="bbox 319 1603 2069 1676; baseline -0.002 -11"><span class='ocrx_word' id='word_1_151' title='bbox 319 1603 381 1665; x_wconf 81' lang='lat' dir='ltr'><strong>In</strong></span> <span class='ocrx_word' id='word_1_152' title='bbox 407 1622 570 1662; x_wconf 91' lang='lat' dir='ltr'><strong>nomine</strong></span> <span class='ocrx_word' id='word_1_153' title='bbox 589 1627 737 1662; x_wconf 87' lang='lat' dir='ltr'><strong>sancte</strong></span> <span class='ocrx_word' id='word_1_154' title='bbox 764 1626 805 1662; x_wconf 87' lang='lat' dir='ltr'><strong>et</strong></span> <span class='ocrx_word' id='word_1_155' title='bbox 829 1623 1040 1662; x_wconf 88' lang='lat' dir='ltr'><strong>indiuidue</strong></span> <span class='ocrx_word' id='word_1_156' title='bbox 1065 1623 1261 1662; x_wconf 87' lang='lat' dir='ltr'><strong>trinitatis</strong></span> <span class='ocrx_word' id='word_1_157' title='bbox 1283 1633 1417 1661; x_wconf 89' lang='lat' dir='ltr'><strong>amen.</strong></span> <span class='ocrx_word' id='word_1_158' title='bbox 1449 1621 1764 1676; x_wconf 57' lang='lat' dir='ltr'><strong>XVencezlaus7</strong></span> <span class='ocrx_word' id='word_1_159' title='bbox 1790 1623 2069 1662; x_wconf 85' lang='lat' dir='ltr'><strong>miseracione</strong></span> 
     </span>
     <span class='ocr_line' id='line_1_22' title="bbox 192 1692 2069 1747; baseline -0.001 -15"><span class='ocrx_word' id='word_1_160' title='bbox 192 1692 331 1732; x_wconf 90' lang='lat' dir='ltr'><strong>diuina</strong></span> <span class='ocrx_word' id='word_1_161' title='bbox 363 1693 534 1732; x_wconf 91' lang='lat' dir='ltr'><strong>Boemie</strong></span> <span class='ocrx_word' id='word_1_162' title='bbox 567 1703 648 1732; x_wconf 85' lang='lat' dir='ltr'><strong>rex</strong></span> <span class='ocrx_word' id='word_1_163' title='bbox 674 1695 861 1744; x_wconf 85' lang='lat' dir='ltr'><strong>quartus.</strong></span> <span class='ocrx_word' id='word_1_164' title='bbox 897 1692 1114 1747; x_wconf 86' lang='lat' dir='ltr'><strong>Gregorio</strong></span> <span class='ocrx_word' id='word_1_165' title='bbox 1149 1693 1305 1732; x_wconf 90' lang='lat' dir='ltr'><strong>clerico</strong></span> <span class='ocrx_word' id='word_1_166' title='bbox 1340 1693 1516 1743; x_wconf 90' lang='lat' dir='ltr'><strong>eiusque</strong></span> <span class='ocrx_word' id='word_1_167' title='bbox 1549 1693 1733 1743; x_wconf 88' lang='lat' dir='ltr'><strong>posteris</strong></span> <span class='ocrx_word' id='word_1_168' title='bbox 1767 1692 2069 1743; x_wconf 81' lang='lat' dir='ltr'><strong>inperpetuum.</strong></span> 
     </span>
     <span class='ocr_line' id='line_1_23' title="bbox 193 1761 2068 1816; baseline -0.001 -15"><span class='ocrx_word' id='word_1_169' title='bbox 193 1761 396 1811; x_wconf 81' lang='lat' dir='ltr'><strong>Quoniam</strong></span> <span class='ocrx_word' id='word_1_170' title='bbox 430 1762 632 1816; x_wconf 68' lang='lat' dir='ltr'><strong>negocia,</strong></span> <span class='ocrx_word' id='word_1_171' title='bbox 667 1773 747 1813; x_wconf 86' lang='lat' dir='ltr'><strong>que</strong></span> <span class='ocrx_word' id='word_1_172' title='bbox 781 1762 891 1800; x_wconf 87' lang='lat' dir='ltr'><strong>inter</strong></span> <span class='ocrx_word' id='word_1_173' title='bbox 923 1762 1121 1801; x_wconf 88' lang='lat' dir='ltr'><strong>mortales</strong></span> <span class='ocrx_word' id='word_1_174' title='bbox 1147 1762 1336 1801; x_wconf 90' lang='lat' dir='ltr'><strong>studiose</strong></span> <span class='ocrx_word' id='word_1_175' title='bbox 1368 1764 1616 1816; x_wconf 69' lang='lat' dir='ltr'><strong>tractantur,</strong></span> <span class='ocrx_word' id='word_1_176' title='bbox 1651 1765 1815 1812; x_wconf 90' lang='lat' dir='ltr'><strong>opertet</strong></span> <span class='ocrx_word' id='word_1_177' title='bbox 1840 1773 1924 1800; x_wconf 91' lang='lat' dir='ltr'><strong>non</strong></span> <span class='ocrx_word' id='word_1_178' title='bbox 1959 1761 2068 1800; x_wconf 87' lang='lat' dir='ltr'><strong>obli-</strong></span> 
     </span>
     <span class='ocr_line' id='line_1_24' title="bbox 192 1830 2067 1885; baseline -0.001 -15"><span class='ocrx_word' id='word_1_179' title='bbox 192 1832 313 1885; x_wconf 66' lang='lat' dir='ltr'><strong>uisci⁷</strong></span> <span class='ocrx_word' id='word_1_180' title='bbox 339 1843 392 1871; x_wconf 89' lang='lat' dir='ltr'><strong>ne</strong></span> <span class='ocrx_word' id='word_1_181' title='bbox 415 1831 537 1870; x_wconf 89' lang='lat' dir='ltr'><strong>tarda</strong></span> <span class='ocrx_word' id='word_1_182' title='bbox 562 1831 714 1870; x_wconf 90' lang='lat' dir='ltr'><strong>obliuio</strong></span> <span class='ocrx_word' id='word_1_183' title='bbox 743 1831 888 1870; x_wconf 87' lang='lat' dir='ltr'><strong>eadem</strong></span> <span class='ocrx_word' id='word_1_184' title='bbox 915 1832 1102 1885; x_wconf 89' lang='lat' dir='ltr'><strong>negocia</strong></span> <span class='ocrx_word' id='word_1_185' title='bbox 1131 1831 1324 1884; x_wconf 74' lang='lat' dir='ltr'><strong>abradat7</strong></span> <span class='ocrx_word' id='word_1_186' title='bbox 1352 1831 1642 1870; x_wconf 88' lang='lat' dir='ltr'><strong>necessarium</strong></span> <span class='ocrx_word' id='word_1_187' title='bbox 1669 1834 1735 1870; x_wconf 91' lang='lat' dir='ltr'><strong>est</strong></span> <span class='ocrx_word' id='word_1_188' title='bbox 1760 1841 1811 1869; x_wconf 90' lang='lat' dir='ltr'><strong>ac</strong></span> <span class='ocrx_word' id='word_1_189' title='bbox 1838 1830 2067 1884; x_wconf 72' lang='lat' dir='ltr'><strong>prouidnm7</strong></span> 
     </span>
     <span class='ocr_line' id='line_1_25' title="bbox 192 1898 2070 1954; baseline -0.001 -12"><span class='ocrx_word' id='word_1_190' title='bbox 192 1913 246 1942; x_wconf 89' lang='lat' dir='ltr'><strong>ea</strong></span> <span class='ocrx_word' id='word_1_191' title='bbox 277 1901 509 1940; x_wconf 89' lang='lat' dir='ltr'><strong>litterarum</strong></span> <span class='ocrx_word' id='word_1_192' title='bbox 541 1901 737 1940; x_wconf 89' lang='lat' dir='ltr'><strong>memorie</strong></span> <span class='ocrx_word' id='word_1_193' title='bbox 771 1901 1062 1940; x_wconf 89' lang='lat' dir='ltr'><strong>commendari.</strong></span> <span class='ocrx_word' id='word_1_194' title='bbox 1117 1901 1310 1940; x_wconf 85' lang='lat' dir='ltr'><strong>Noscant</strong></span> <span class='ocrx_word' id='word_1_195' title='bbox 1334 1901 1466 1954; x_wconf 87' lang='lat' dir='ltr'><strong>igitur</strong></span> <span class='ocrx_word' id='word_1_196' title='bbox 1499 1902 1725 1951; x_wconf 90' lang='lat' dir='ltr'><strong>presentes</strong></span> <span class='ocrx_word' id='word_1_197' title='bbox 1750 1900 1792 1939; x_wconf 92' lang='lat' dir='ltr'><strong>in</strong></span> <span class='ocrx_word' id='word_1_198' title='bbox 1821 1898 1992 1940; x_wconf 84' lang='lat' dir='ltr'><strong>Christo</strong></span> <span class='ocrx_word' id='word_1_199' title='bbox 2027 1903 2070 1940; x_wconf 87' lang='lat' dir='ltr'><strong>et</strong></span> 
     </span>
     <span class='ocr_line' id='line_1_26' title="bbox 190 1966 2068 2024; baseline -0.001 -14"><span class='ocrx_word' id='word_1_200' title='bbox 190 1971 232 2010; x_wconf 91' lang='lat' dir='ltr'><strong>in</strong></span> <span class='ocrx_word' id='word_1_201' title='bbox 266 1969 412 2009; x_wconf 88' lang='lat' dir='ltr'><strong>eodem</strong></span> <span class='ocrx_word' id='word_1_202' title='bbox 446 1968 624 2009; x_wconf 85' lang='lat' dir='ltr'><strong>feliciter</strong></span> <span class='ocrx_word' id='word_1_203' title='bbox 656 1971 914 2024; x_wconf 68' lang='lat' dir='ltr'><strong>successuri,</strong></span> <span class='ocrx_word' id='word_1_204' title='bbox 949 1969 1058 2021; x_wconf 86' lang='lat' dir='ltr'><strong>quod</strong></span> <span class='ocrx_word' id='word_1_205' title='bbox 1092 1981 1169 2009; x_wconf 90' lang='lat' dir='ltr'><strong>nos</strong></span> <span class='ocrx_word' id='word_1_206' title='bbox 1195 1966 1413 2024; x_wconf 79' lang='lat' dir='ltr'><strong>Gregorio</strong></span> <span class='ocrx_word' id='word_1_207' title='bbox 1447 1969 1604 2008; x_wconf 91' lang='lat' dir='ltr'><strong>clerico</strong></span> <span class='ocrx_word' id='word_1_208' title='bbox 1633 1972 1675 2009; x_wconf 91' lang='lat' dir='ltr'><strong>et</strong></span> <span class='ocrx_word' id='word_1_209' title='bbox 1708 1969 1800 2008; x_wconf 91' lang='lat' dir='ltr'><strong>eius</strong></span> <span class='ocrx_word' id='word_1_210' title='bbox 1833 1980 2068 2008; x_wconf 89' lang='lat' dir='ltr'><strong>successo-</strong></span> 
     </span>
     <span class='ocr_line' id='line_1_27' title="bbox 191 2037 2068 2094; baseline -0.002 -14"><span class='ocrx_word' id='word_1_211' title='bbox 191 2040 307 2080; x_wconf 88' lang='lat' dir='ltr'><strong>ribus</strong></span> <span class='ocrx_word' id='word_1_212' title='bbox 341 2039 393 2079; x_wconf 91' lang='lat' dir='ltr'><strong>ad</strong></span> <span class='ocrx_word' id='word_1_213' title='bbox 428 2039 568 2078; x_wconf 88' lang='lat' dir='ltr'><strong>dilecti</strong></span> <span class='ocrx_word' id='word_1_214' title='bbox 600 2037 744 2078; x_wconf 89' lang='lat' dir='ltr'><strong>fratris</strong></span> <span class='ocrx_word' id='word_1_215' title='bbox 778 2039 911 2078; x_wconf 88' lang='lat' dir='ltr'><strong>nostri</strong></span> <span class='ocrx_word' id='word_1_216' title='bbox 944 2040 1206 2094; x_wconf 69' lang='lat' dir='ltr'><strong>peticionem,</strong></span> <span class='ocrx_word' id='word_1_217' title='bbox 1247 2039 1377 2079; x_wconf 89' lang='lat' dir='ltr'><strong>incliti</strong></span> <span class='ocrx_word' id='word_1_218' title='bbox 1416 2038 1614 2078; x_wconf 86' lang='lat' dir='ltr'><strong>Morauie</strong></span> <span class='ocrx_word' id='word_1_219' title='bbox 1654 2038 1924 2092; x_wconf 62' lang='lat' dir='ltr'><strong>marchionis,</strong></span> <span class='ocrx_word' id='word_1_220' title='bbox 1964 2049 2068 2078; x_wconf 86' lang='lat' dir='ltr'><strong>ara-</strong></span> 
     </span>
     <span class='ocr_line' id='line_1_28' title="bbox 193 2105 2069 2161; baseline -0.001 -13"><span class='ocrx_word' id='word_1_221' title='bbox 193 2112 325 2149; x_wconf 88' lang='lat' dir='ltr'><strong>turam</strong></span> <span class='ocrx_word' id='word_1_222' title='bbox 359 2120 482 2147; x_wconf 88' lang='lat' dir='ltr'><strong>vnam</strong></span> <span class='ocrx_word' id='word_1_223' title='bbox 518 2111 559 2148; x_wconf 93' lang='lat' dir='ltr'><strong>et</strong></span> <span class='ocrx_word' id='word_1_224' title='bbox 591 2109 738 2148; x_wconf 90' lang='lat' dir='ltr'><strong>silvam</strong></span> <span class='ocrx_word' id='word_1_225' title='bbox 766 2120 888 2148; x_wconf 86' lang='lat' dir='ltr'><strong>vnam</strong></span> <span class='ocrx_word' id='word_1_226' title='bbox 921 2109 965 2148; x_wconf 90' lang='lat' dir='ltr'><strong>in</strong></span> <span class='ocrx_word' id='word_1_227' title='bbox 994 2108 1232 2161; x_wconf 71' lang='lat' dir='ltr'><strong>Lodem&#39;cz,</strong></span> <span class='ocrx_word' id='word_1_228' title='bbox 1265 2105 1384 2160; x_wconf 69' lang='lat' dir='ltr'><strong>&#39;quam</strong></span> <span class='ocrx_word' id='word_1_229' title='bbox 1408 2108 1516 2148; x_wconf 89' lang='lat' dir='ltr'><strong>idem</strong></span> <span class='ocrx_word' id='word_1_230' title='bbox 1549 2106 1682 2148; x_wconf 89' lang='lat' dir='ltr'><strong>frater</strong></span> <span class='ocrx_word' id='word_1_231' title='bbox 1714 2112 1861 2148; x_wconf 88' lang='lat' dir='ltr'><strong>noster</strong></span> <span class='ocrx_word' id='word_1_232' title='bbox 1897 2107 2069 2147; x_wconf 85' lang='lat' dir='ltr'><strong>contulit</strong></span> 
     </span>
     <span class='ocr_line' id='line_1_29' title="bbox 199 2176 2071 2233; baseline 0 -17"><span class='ocrx_word' id='word_1_233' title='bbox 199 2179 406 2233; x_wconf 86' lang='lat' dir='ltr'><strong>graciose</strong></span> <span class='ocrx_word' id='word_1_234' title='bbox 442 2178 592 2232; x_wconf 69' lang='lat' dir='ltr'><strong>eidem,</strong></span> <span class='ocrx_word' id='word_1_235' title='bbox 628 2179 879 2217; x_wconf 85' lang='lat' dir='ltr'><strong>auctoritate</strong></span> <span class='ocrx_word' id='word_1_236' title='bbox 919 2179 1048 2233; x_wconf 87' lang='lat' dir='ltr'><strong>regia</strong></span> <span class='ocrx_word' id='word_1_237' title='bbox 1082 2177 1384 2232; x_wconf 71' lang='lat' dir='ltr'><strong>confirmamus⁷</strong></span> <span class='ocrx_word' id='word_1_238' title='bbox 1418 2178 1607 2217; x_wconf 84' lang='lat' dir='ltr'><strong>sicutin</strong></span> <span class='ocrx_word' id='word_1_239' title='bbox 1646 2177 1888 2230; x_wconf 73' lang='lat' dir='ltr'><strong>priuilegio,</strong></span> <span class='ocrx_word' id='word_1_240' title='bbox 1937 2176 2071 2217; x_wconf 86' lang='lat' dir='ltr'><strong>eidem</strong></span> 
     </span>
     <span class='ocr_line' id='line_1_30' title="bbox 193 2245 2068 2301; baseline -0.002 -13"><span class='ocrx_word' id='word_1_241' title='bbox 193 2260 219 2288; x_wconf 90' lang='lat' dir='ltr'><strong>a</strong></span> <span class='ocrx_word' id='word_1_242' title='bbox 248 2245 410 2299; x_wconf 83' lang='lat' dir='ltr'><strong>prefato</strong></span> <span class='ocrx_word' id='word_1_243' title='bbox 437 2245 567 2287; x_wconf 86' lang='lat' dir='ltr'><strong>fratre</strong></span> <span class='ocrx_word' id='word_1_244' title='bbox 592 2251 736 2287; x_wconf 87' lang='lat' dir='ltr'><strong>nostro</strong></span> <span class='ocrx_word' id='word_1_245' title='bbox 762 2248 1005 2287; x_wconf 85' lang='lat' dir='ltr'><strong>marchione</strong></span> <span class='ocrx_word' id='word_1_246' title='bbox 1030 2259 1253 2301; x_wconf 44' lang='lat' dir='ltr'><strong>concesso.</strong></span> <span class='ocrx_word' id='word_1_247' title='bbox 1279 2247 1510 2288; x_wconf 85' lang='lat' dir='ltr'><strong>liberaliter</strong></span> <span class='ocrx_word' id='word_1_248' title='bbox 1534 2247 1784 2287; x_wconf 88' lang='lat' dir='ltr'><strong>continetur.</strong></span> <span class='ocrx_word' id='word_1_249' title='bbox 1834 2246 1902 2286; x_wconf 91' lang='lat' dir='ltr'><strong>Ne</strong></span> <span class='ocrx_word' id='word_1_250' title='bbox 1935 2246 2068 2300; x_wconf 84' lang='lat' dir='ltr'><strong>igitur</strong></span> 
     </span>
     <span class='ocr_line' id='line_1_31' title="bbox 194 2313 2069 2370; baseline -0.002 -14"><span class='ocrx_word' id='word_1_251' title='bbox 194 2327 324 2368; x_wconf 89' lang='lat' dir='ltr'><strong>super</strong></span> <span class='ocrx_word' id='word_1_252' title='bbox 357 2316 437 2355; x_wconf 89' lang='lat' dir='ltr'><strong>hoc</strong></span> <span class='ocrx_word' id='word_1_253' title='bbox 463 2316 745 2368; x_wconf 87' lang='lat' dir='ltr'><strong>calumpniosa</strong></span> <span class='ocrx_word' id='word_1_254' title='bbox 767 2318 931 2369; x_wconf 88' lang='lat' dir='ltr'><strong>questio</strong></span> <span class='ocrx_word' id='word_1_255' title='bbox 957 2317 1009 2356; x_wconf 91' lang='lat' dir='ltr'><strong>de</strong></span> <span class='ocrx_word' id='word_1_256' title='bbox 1032 2320 1176 2357; x_wconf 88' lang='lat' dir='ltr'><strong>cetero</strong></span> <span class='ocrx_word' id='word_1_257' title='bbox 1205 2317 1377 2370; x_wconf 70' lang='lat' dir='ltr'><strong>oriatur,</strong></span> <span class='ocrx_word' id='word_1_258' title='bbox 1411 2320 1454 2356; x_wconf 90' lang='lat' dir='ltr'><strong>et</strong></span> <span class='ocrx_word' id='word_1_259' title='bbox 1485 2316 1539 2355; x_wconf 89' lang='lat' dir='ltr'><strong>ad</strong></span> <span class='ocrx_word' id='word_1_260' title='bbox 1572 2316 1696 2356; x_wconf 90' lang='lat' dir='ltr'><strong>huius</strong></span> <span class='ocrx_word' id='word_1_261' title='bbox 1729 2313 2069 2355; x_wconf 87' lang='lat' dir='ltr'><strong>confirmacionis</strong></span> 
     </span>
     <span class='ocr_line' id='line_1_32' title="bbox 194 2385 2069 2440; baseline -0.001 -15"><span class='ocrx_word' id='word_1_262' title='bbox 194 2389 338 2425; x_wconf 86' lang='lat' dir='ltr'><strong>nostre</strong></span> <span class='ocrx_word' id='word_1_263' title='bbox 385 2385 563 2425; x_wconf 91' lang='lat' dir='ltr'><strong>evidens</strong></span> <span class='ocrx_word' id='word_1_264' title='bbox 608 2390 914 2440; x_wconf 64' lang='lat' dir='ltr'><strong>argumentum7</strong></span> <span class='ocrx_word' id='word_1_265' title='bbox 963 2390 1204 2437; x_wconf 86' lang='lat' dir='ltr'><strong>presentem</strong></span> <span class='ocrx_word' id='word_1_266' title='bbox 1253 2386 1453 2440; x_wconf 86' lang='lat' dir='ltr'><strong>paginam</strong></span> <span class='ocrx_word' id='word_1_267' title='bbox 1493 2385 1626 2440; x_wconf 87' lang='lat' dir='ltr'><strong>sigilli</strong></span> <span class='ocrx_word' id='word_1_268' title='bbox 1673 2385 1805 2425; x_wconf 88' lang='lat' dir='ltr'><strong>nostri</strong></span> <span class='ocrx_word' id='word_1_269' title='bbox 1845 2385 2069 2424; x_wconf 89' lang='lat' dir='ltr'><strong>munimine</strong></span> 
     </span>
     <span class='ocr_line' id='line_1_33' title="bbox 193 2453 2067 2509; baseline -0.002 -15"><span class='ocrx_word' id='word_1_270' title='bbox 193 2453 366 2494; x_wconf 88' lang='lat' dir='ltr'><strong>fecimus</strong></span> <span class='ocrx_word' id='word_1_271' title='bbox 399 2455 610 2509; x_wconf 86' lang='lat' dir='ltr'><strong>insigniri.</strong></span> <span class='ocrx_word' id='word_1_272' title='bbox 674 2455 889 2509; x_wconf 65' lang='lat' dir='ltr'><strong>&#39;Pestibus7</strong></span> <span class='ocrx_word' id='word_1_273' title='bbox 923 2456 991 2507; x_wconf 87' lang='lat' dir='ltr'><strong>qui</strong></span> <span class='ocrx_word' id='word_1_274' title='bbox 1024 2456 1075 2496; x_wconf 89' lang='lat' dir='ltr'><strong>ad</strong></span> <span class='ocrx_word' id='word_1_275' title='bbox 1110 2456 1190 2495; x_wconf 88' lang='lat' dir='ltr'><strong>hoc</strong></span> <span class='ocrx_word' id='word_1_276' title='bbox 1223 2459 1320 2495; x_wconf 89' lang='lat' dir='ltr'><strong>sunt</strong></span> <span class='ocrx_word' id='word_1_277' title='bbox 1357 2455 1610 2508; x_wconf 73' lang='lat' dir='ltr'><strong>necessarii7</strong></span> <span class='ocrx_word' id='word_1_278' title='bbox 1644 2455 1774 2494; x_wconf 88' lang='lat' dir='ltr'><strong>eciam</strong></span> <span class='ocrx_word' id='word_1_279' title='bbox 1808 2453 2067 2493; x_wconf 89' lang='lat' dir='ltr'><strong>subnotatis:</strong></span> 
     </span>
     <span class='ocr_line' id='line_1_34' title="bbox 196 2521 2062 2565; baseline -0.002 -1"><span class='ocrx_word' id='word_1_280' title='bbox 196 2524 482 2564; x_wconf 84' lang='lat' dir='ltr'><strong>Rathiborius.</strong></span> <span class='ocrx_word' id='word_1_281' title='bbox 508 2524 797 2565; x_wconf 83' lang='lat' dir='ltr'><strong>Szemezlaus.</strong></span> <span class='ocrx_word' id='word_1_282' title='bbox 827 2522 1054 2565; x_wconf 86' lang='lat' dir='ltr'><strong>Conradus</strong></span> <span class='ocrx_word' id='word_1_283' title='bbox 1086 2525 1355 2565; x_wconf 88' lang='lat' dir='ltr'><strong>camerarius.</strong></span> <span class='ocrx_word' id='word_1_284' title='bbox 1382 2524 1555 2565; x_wconf 79' lang='lat' dir='ltr'><strong>Zauizs.</strong></span> <span class='ocrx_word' id='word_1_285' title='bbox 1584 2523 1769 2565; x_wconf 78' lang='lat' dir='ltr'><strong>Jenichs</strong></span> <span class='ocrx_word' id='word_1_286' title='bbox 1798 2521 1930 2562; x_wconf 88' lang='lat' dir='ltr'><strong>frater</strong></span> <span class='ocrx_word' id='word_1_287' title='bbox 1956 2522 2062 2562; x_wconf 88' lang='lat' dir='ltr'><strong>eius.</strong></span> 
     </span>
    </p>
   </div>
  </div>
 </body>
</html>
