2212 2876
1015 61 1082 101 63

111 215 250 244 comes
284 202 501 243 Loduicus
537 206 579 243 et
611 203 881 243 Hermannus
923 203 975 243 de
1008 203 1215 243 Froburc.
1256 213 1396 242 comes
1429 201 1682 243 warnerus
1716 204 1769 244 de
1802 204 1982 245 Hohen-

111 273 228 312 burc.
262 272 476 312 Arnoldus
511 272 662 311 nobilis
696 272 749 312 de
781 272 930 312 XVart.
963 270 1172 312 Rodulfus
1205 271 1437 311 aduocatus
1471 271 1524 311 de
1549 272 1982 323 Rapehteshiwilare.

111 345 153 380 et
185 341 254 380 alii
287 352 409 392 quam
441 341 599 392 plures.
655 342 767 381 Acta
799 346 896 381 sunt
929 341 1009 381 hec
1043 353 1151 380 anno
1185 340 1390 380 dominice
1423 341 1726 380 incarnationis
1759 341 1983 381 Millesimo

110 410 394 449 ducentesimo
429 410 686 450 duodecimo.
720 421 864 449 mense
898 409 1174 461 Septembris.
1208 409 1514 461 quintedecime
1547 408 1801 448 indictionis.
1835 410 1984 464 Regni

107 489 211 518 uero
255 478 405 518 domini
446 480 578 518 nostri
619 479 854 519 Frederici.
904 479 1175 518 illustrissimi
1218 478 1500 517 Romanorum
1539 478 1804 533 imperatoris
1856 478 1983 518 electi

109 552 152 587 et
190 559 358 599 semper
397 549 585 602 augusti.
626 550 750 603 regis
791 548 937 589 Sicilie
988 547 1304 599 quintodecimo.
1368 546 1520 586 Datum
1559 547 1601 586 in
1641 547 1767 586 nobili
1808 548 1983 587 civitate

110 617 280 656 Basilea
306 628 382 668 per
398 629 543 656 manus
561 617 695 656 Vlrici
717 617 1129 668 uiccprothonotarii.
1160 619 1281 655 sexto
1307 615 1404 654 Kal.
1432 614 1601 655 Octobr.
1627 613 1820 655 feliciter.
1848 627 1981 656 amen.

423 733 476 765 Ex
505 734 696 773 originali
722 735 751 764 in
776 734 911 765 archivo
936 744 964 764 c.
994 744 1018 764 r.
1048 733 1153 764 aulico
1189 732 1452 763 vindobonae
1482 742 1553 763 cum
1585 732 1697 763 bulla
1724 741 1849 764 aurea
1875 732 1982 763 sicula

524 794 673 825 appensa
692 785 873 815 illaesa—
889 785 968 815 110111
994 785 1089 824 copia
1113 783 1269 814 vidimata
1293 785 1322 814 in
1346 783 1437 814 arch.
1461 786 1636 815 statuum
1659 783 1980 815 marchion.Mo-

523 837 674 869 taviae.
699 855 741 859 —
764 836 890 867 Excus.
915 834 1003 877 apud
1028 835 1258 877 Balbinum,
1290 833 1549 876 Goldastum,
1580 834 1807 866 Dobnerum
1832 836 1863 865 et
1886 834 1980 866 alios.

979 1020 1037 1059 LI
1047 1020 1096 1058 V.

236 1112 517 1176 Fridericus.
568 1133 845 1172 Romanorum
893 1143 984 1171 rex.
1034 1131 1282 1171 coenobium
1322 1130 1737 1184 Berclitesgadense
1787 1131 1827 1169 in
1877 1141 1977 1181 pro-

106 1201 326 1239 tectionem
367 1214 482 1240 snam
524 1204 687 1255 recipit,
738 1204 861 1254 cique
902 1213 1044 1241 omnes
1095 1201 1393 1251 possessiones
1434 1197 1649 1239 confirmat
1696 1203 1776 1252 etc.
1843 1200 1978 1238 Huius

106 1270 165 1307 rei
210 1274 343 1308 testes
397 1277 514 1310 sunl:
567 1271 751 1311 sisu-idus
801 1271 1081 1325 ›loguntinus
1129 1269 1488 1319 archiepiscopus.
1539 1268 1634 1308 Otto
1677 1268 1976 1321 Frisingensis

105 1340 236 1389 episc.
272 1337 528 1379 Cvonradus
564 1341 892 1392 Ratisponcnsis
926 1340 1055 1390 episc.
1090 1339 1335 1377 Hcrtwicus
1371 1338 1576 1376 leis-neten.
1611 1348 1676 1388 ep.
1710 1336 1976 1390 Mangoldus

106 1409 316 1459 patavien.
353 1411 483 1460 episc.
511 1411 756 1449 Friilericus
783 1409 1056 1448 Triiwntinus
1091 1409 1220 1458 episc.
1258 1405 1476 1446 Odalrrz'us
1509 1418 1593 1445 νων
1617 1406 1834 1445 Boemz’ae.
1858 1405 1976 1445 Her-

104 1491 277 1521 mannus
310 1480 881 1540 lantigrauius·During-iae.
905 1476 1191 1516 Leodewicus
1226 1475 1310 1514 (lux
1344 1475 1585 1514 Bawariae.
1610 1473 1855 1525 Leopoldus
1889 1473 1976 1513 dux

104 1551 306 1590 Auso-iae
341 1556 380 1589 et
415 1550 586 1590 Stil-iae.
629 1548 859 1586 Heium-ns
899 1545 1091 1584 marchio
1131 1545 1369 1583 Jloram‘ae.
1404 1541 1557 1583 Comes
1599 1541 1880 1582 Meinhardus
1921 1541 1975 1581 de

110 1620 374 1670 Aliensperc.
423 1617 577 1658 comes
629 1614 881 1656 Cuonradus
940 1615 992 1653 (le
1040 1614 1199 1652 Pleion.
1247 1623 1388 1651 Comes
1441 1610 1695 1652 Cuonradus
1742 1610 1795 1650 de
1846 1610 1973 1650 Mos-

104 1688 252 1727 bvi-ch.
281 1687 434 1728 Comes
461 1685 707 1727 (¹11alhohus
742 1684 793 1722 «le
823 1683 1098 1734 Cliirchperc.
1126 1682 1353 1721 licini-icus
1378 1681 1638 1720 marscalcus
1667 1680 1719 1719 de
1748 1677 1971 1720 Callindin.

109 1756 392 1796 Wernherus
420 1753 585 1806 dapifer.
606 1754 657 1793 (10
687 1752 904 1792 Bolandia.
927 1752 1186 1792 XValtlwrns
1218 1752 1419 1801 pincerna
1453 1749 1505 1789 de
1530 1746 1746 1800 Schippfe.
1772 1748 1973 1787 Volricus

103 1827 362 1864 camerarius
396 1825 448 1864 de
482 1822 775 1864 Minccnberc.
842 1822 992 1861 Datum
1024 1820 1135 1872 apud
1171 1819 1443 1870 Ratisponam
1480 1815 1710 1858 MCCXII.
1744 1816 1844 1856 XV.
1876 1815 1972 1854 Ka-

60 1912 63 1915 ·
103 1893 252 1933 lendas
286 1894 442 1934 Martii.

413 2009 674 2042 Monumenta
703 2008 833 2039 Boica
862 2015 948 2038 nova
977 2005 1092 2038 XXX.
1123 2005 1148 2036 Ι.
1178 2014 1209 2045 p.
1234 2002 1268 2035 3.
1297 2003 1393 2044 juxta
1417 2012 1551 2044 quorum
1580 2003 1763 2042 computum
1787 2000 1830 2032 ad
1853 2009 1968 2032 annum

521 2058 634 2091 1213.
658 2062 800 2101 spectat.

986 2231 1083 2271 LV.

232 2329 512 2400 Fridericus7
547 2358 626 2386 rex
657 2346 951 2396 Romanorum,
992 2341 1251 2394 principibus
1291 2340 1393 2393 suis,
1434 2339 1677 2380 Eckeberto
1710 2336 1965 2377 Babenber-

71 2439 73 2441 ·
103 2418 231 2472 gensi
266 2422 308 2457 et
341 2415 481 2456 Ottoni
513 2415 826 2466 Herbipolensi7
861 2413 1074 2464 episcopis
1106 2410 1279 2449 liberam
1311 2408 1506 2448 concedit
1538 2406 1774 2447 facultatem
1808 2406 1966 2446 transi-

102 2486 234 2540 gendi
267 2486 320 2526 de
352 2485 501 2525 mutuis
533 2484 801 2524 matrimoniis
835 2483 943 2522 inter
975 2480 1250 2520 ecclesiarum
1282 2489 1424 2518 eorum
1456 2475 1632 2516 familias
1664 2473 1965 2516 contrahendis
