2212 2876
144 237 449 280 Gradecensis.
490 239 703 281 Stiborius
732 237 951 292 prefectus
992 239 1046 279 de
1077 239 1280 279 W'eueri.
1322 238 1454 280 Girho
1498 236 1680 290 (Cimo)
1722 238 1885 290 dapifer
1917 251 2009 280 cum

142 305 274 348 fratre
307 321 384 348 suo
418 307 685 351 Schastolou.
718 305 1002 348 Ratisborius.
1035 308 1232 348 xvierso.
1265 307 1414 347 Vocco
1448 305 1553 347 filius
1585 308 1732 348 Boi-ut.
1765 309 1830 348 W
1835 309 2009 348 ilielmus

142 379 402 417 camerarius
437 377 720 418 Bethouensis
754 389 843 417 cum
876 376 1075 417 fratribus
1108 377 1197 416 suis
1221 376 1412 428 Lupoldo
1445 377 1648 429 pincerna
1680 380 1722 416 et
1753 376 2008 435 KVc-isramo.

141 445 355 486 ArdebuS.
389 446 593 503 Albertus
636 430 852 498 prefectus
887 446 940 486 de
979 440 1046 485 W
1051 458 1196 485 ranou.
1229 445 1405 486 Beneda
1444 442 1810 486 submares'calcus
1844 431 1895 486 et⁶
1918 444 2009 486 sere

144 525 288 553 omnes
327 499 525 558 Moraui,'.
574 516 620 554 In
663 516 884 555 cuius-rei
922 515 1186 568 euidentiam7
1227 518 1268 554 et
1308 518 1550 566 perpetuam
1591 513 1832 568 firmitatem7
1872 526 1926 567 ne
1959 515 2010 573 'in

142 588 350 634 posterum
385 569 521 635 super*
539 586 631 635 ipsa
665 584 888 624 donatione
923 588 964 623 et
990 582 1299 623 confirmatione
1333 584 1471 635 aliqua
1506 573 1708 633 calumnia
1740 582 1875 636 possit
1906 582 2010 623 sub-

142 652 256 705 oriri7
290 657 530 702 presentem
557 654 756 707 paginam
786 645 1000 692 conscribi
1033 651 1219 706 fecimus⁷
1254 656 1295 692 et
1327 653 1560 707 sigillorum
1586 656 1820 693 nostrorum
1853 652 2009 692 chara-

142 721 330 760 cteribus
354 722 604 765 communiri.
638 723 750 762 Acta
773 726 870 761 sunt
889 722 968 761 liec
987 733 1095 761 anno
1117 721 1320 761 dominice
1338 716 1646 761 lncaruationis
1664 719 2007 763 MCCXXXIV.

142 790 374 830 Indictione
416 791 514 830 VII.
580 791 732 831 Datum
774 792 883 842 apud
912 791 1113 846 Pragam
1161 801 1237 842 per
1277 802 1436 830 manum
1478 791 1700 830 xvilhelmi
1740 792 1890 831 notarii
1936 791 2008 831 vl.

142 858 288 898 Nonas
322 859 532 900 Octobris.

451 959 620 992 Excusum
636 960 667 990 iu
689 959 920 990 Sbaraleae
940 958 1125 991 Bullario
1149 959 1432 990 Franciscano
1457 959 1483 989 1.
1510 957 1594 990 157.
1615 960 1647 990 et
1668 936 1845 990 nouissime
1865 957 2008 990 revisum

556 1013 589 1041 et
619 1011 769 1042 collatum
799 1021 870 1041 rum
900 1011 986 1041 fonte
1014 1021 1073 1041 suo
1098 1011 1281 1050 Res-[esto
1319 1010 1513 1051 Gregorii
1548 1018 1656 1051 papae
1682 1009 1805 1041 lx.·1·n
1835 1010 2009 1041 Tabula-

555 1063 631 1092 riis
659 1062 871 1093 vaticanis
896 1071 915 1093 a
940 1062 976 1092 F.
1002 1061 1197 1103 l‘alacky.
1217 1081 1258 1084 —
1284 1062 1386 1093 Porro
1415 1071 1528 1093 exous.
1552 1061 1650 1103 apud.
1675 1061 1883 1104 XVadding
1907 1062 1944 1093 T.
1964 1062 2007 1093 11.

554 1115 584 1144 el
610 1114 873 1155 Bienenbcrg
896 1123 929 1155 p.
953 1111 1013 1144 16.

934 1270 1218 1313 CCXLVIII.

138 1359 354 1416 Piemysl,
388 1365 580 1405 marchio
621 1367 859 1419 Mai-ariae,
900 1366 1078 1406 absolvi!
1108 1369 1228 1418 alque
1270 1353 1420 1406 etz-anic
1459 1367 1759 1406 monasterium
1796 1368 2009 1418 Lacenae,

140 1433 306 1472 ordinis
332 1434 789 1475 praemonsaatensis.
808 1435 858 1475 ab
883 1435 1073 1475 ommibus
1096 1435 1450 1488 praeslale‘om'bus
1476 1438 1515 1474 el
1524 1435 1828 1488 jurisdictione
1851 1435 2009 1487 laicali,

200 1506 238 1541 et
268 1503 405 1543 'variis
438 1503 694 1544 libertatibus
727 1504 864 1544 donat.
928 1506 1001 1545 DI.
1035 1506 1270 1557 Znoymae,
1313 1505 1394 1545 XI.
1427 1503 1652 1545 Kalendas
1683 1503 1947 1555 Νουεηιόνὶε,

1004 1573 1156 1613 1234.

268 1665 328 1725 In
353 1684 517 1723 nomine
546 1684 696 1724 domini
727 1685 859 1725 nostri
887 1685 1009 1726 hiesu
1042 1685 1158 1724 cristi
1184 1695 1316 1724 amen.
1364 1683 1545 1724 Premilz
1569 1684 1837 1724 miseratione
1866 1683 2007 1724 diuina

138 1753 324 1792 marchio
364 1753 573 1793 Morauie.
607 1755 860 1794 monasterio
902 1754 1027 1794 beate
1060 1754 1201 1794 Marie
1240 1754 1437 1807 uirgiiiis.
1481 1756 1523 1793 et
1554 1752 1708 1793 Sancti
1742 1753 2007 1792 &Venzezlai

138 1822 319 1876 gloriosi
361 1822 555 1861 martiris.
596 1823 636 1861 in
677 1824 816 1863 Luca.
851 1821 1293 1873 Cln·istique'samulis
1332 1822 1482 1863 ibidem
1523 1822 1782 1876 degentibus
1822 1822 1863 1861 in
1905 1833 2007 1873 per-

139 1894 318 1942 petuum.
369 1891 465 1930 Non
490 1891 743 1931 habentibus
770 1895 1002 1931 manentem
1029 1893 1070 1931 in
1093 1891 1215 1931 huius
1242 1891 1594 1945 peregrinatione
1627 1891 1758 1930 seculi
1784 1891 2005 1930 ciuitatem.

138 1959 213 1998 sed
250 1958 427 1998 suturam
467 1960 773 2012 inquirentibus
816 1962 1037 2000 ciuitatem.
1071 1960 1270 2000 uidelicet
1308 1960 1432 2015 regis
1472 1961 1618 2014 magni
1657 1959 1810 1999 suadet
1848 1970 2006 2000 neces-

139 2027 267 2084 sitas..
297 2027 507 2068 blanditur
545 2029 713 2068 utilitas.
753 2032 798 2069 ut
837 2040 913 2081 per
953 2030 1142 2069 caritatis
1182 2040 1313 2081 opera
1354 2033 1395 2068 et
1427 2029 1618 2069 uirtutum
1659 2028 1861 2083 insignia.
1902 2029 2005 2068 uiris

140 2095 302 2135 deuotis
337 2107 387 2135 ac
420 2096 524 2136 locis
565 2097 786 2151 religiosis
820 2099 886 2149 pia
926 2098 1202 2149 inpertientes
1236 2097 1454 2152 suffragia.
1495 2098 1550 2137 ibi
1584 2098 1835 2138 collocemus
1868 2097 2004 2137 bene-

138 2162 243 2203 ficia.
278 2165 349 2203 ubi
381 2176 456 2215 pro
490 2166 646 2205 meritis
679 2167 998 2218 multiplicantur
1022 2168 1192 2218 premia.
1225 2167 1294 2206 ubi
1329 2167 1506 2221 gloriam
1540 2164 1754 2206 confirmat
1786 2167 2002 2206 eternitas.

137 2233 208 2272 ubi
241 2233 332 2272 sine
366 2231 446 2273 fine
479 2235 634 2274 crescit
667 2235 935 2275 beatitudinis
969 2240 1011 2275 et
1042 2236 1308 2275 iocunditatis
1342 2228 1596 2276 inmensitas.
1662 2236 1888 2275 Vniuersis
1921 2236 2002 2275 ita-

139 2312 219 2353 que
259 2302 470 2342 modernis
510 2314 561 2342 ac
597 2305 780 2354 posteris
820 2306 965 2356 scripti
998 2305 1121 2344 huius
1161 2304 1321 2355 copiam
1361 2304 1569 2347 habituris
1615 2305 1877 2355 presencium
1919 2315 2002 2343 ex-

137 2370 350 2410 hibicione
398 2370 626 2411 clarescat.
675 2374 867 2425 quoniam
905 2373 958 2412 ad
1000 2373 1199 2412 honorem
1246 2373 1313 2412 dei
1353 2384 1402 2412 ac
1451 2370 1576 2412 beate
1616 2373 1757 2413 Mai-ie
1803 2373 1999 2426 uirginis.

137 2440 358 2490 sanctique
400 2440 658 2480 U'enzezlai
699 2443 893 2481 martiris.
935 2452 1014 2481 nec
1056 2453 1138 2481 non
1185 2453 1260 2492 pro
1300 2442 1484 2481 remedio
1526 2442 1661 2482 anime
1701 2446 1858 2481 nostre.
1897 2453 1999 2491 pro-

137 2508 459 2562 genitorumque
507 2520 559 2548 ac
601 2521 895 2550 successorum
936 2514 1168 2551 nostrorum
1214 2510 1364 2550 salute.
1404 2511 1628 2550 ecclesiam
1666 2512 1707 2550 in
1746 2509 1870 2549 Luka
1910 2521 1999 2549 cum
