2212 2876
1057 110 1161 151 349

983 251 1225 294 CCXCIX.

180 343 417 396 Greqorias
456 360 569 399 papa
613 347 688 386 IX.
731 348 1031 386 monasterimn
1075 348 1388 388 Tisnowicense
1437 361 1530 387 enm
1569 349 1910 400 possessionibus
1952 351 2044 401 esus·

238 420 283 457 in
318 419 615 471 protectionem
654 415 768 455 sedis
810 416 1066 467 apostolicae
1107 418 1295 468 suscipit.
1360 418 1519 457 Datum
1559 419 1795 469 Amrquicoe,
1838 417 1984 457 Idibus

912 484 1114 537 octobris,
1156 485 1307 527 1238.

310 578 585 652 Gregorius.
634 597 860 647 episcopus
917 607 1072 636 seruus
1119 608 1337 637 seruorum
1385 597 1464 637 dei.
1544 598 1723 638 Dilectis
1782 600 1821 637 in
1871 596 2042 639 Christo

176 665 336 707 filiabus
370 696 379 706 .
414 696 424 706 .
458 667 689 706 Abbatisse
723 670 764 705 et
798 663 1034 706 Conuentui
1067 666 1318 706 Monasterii
1351 670 1500 707 sancte
1532 667 1671 707 Marie
1706 667 1758 707 de
1801 671 1919 719 porta
1962 667 2043 706 celi

176 736 245 775 siti
268 736 384 775 iuxta
413 735 550 775 villam
579 735 809 774 Tuscium—„v-
832 734 989 773 ordinis
1019 732 1322 775 Cisterciensis
1355 736 1644 776 olomucensis
1677 736 1874 776 diocesis.
1912 736 2043 776 Salu-

173 810 254 844 tem
288 808 330 844 et
362 804 627 855 apostolicam
663 803 1008 843 benedictionem.
1057 803 1261 852 Quotiens
1295 816 1318 843 a
1353 805 1474 844 nobis
1507 806 1660 856 petitur
1694 805 1801 857 quod
1843 805 2046 859 religioni

176 880 217 913 et
266 873 475 913 honestati
527 872 757 912 conuenire
801 872 1031 911 dinoscitur
1071 873 1204 911 animo
1245 885 1322 912 nos
1363 873 1489 913 decet
1527 874 1672 913 libenti
1713 873 1952 913 concedere
1993 884 2044 912 ac

175 943 402 994 petentium
451 941 675 981 desideriis
723 952 957 995 congruum
997 940 1241 995 suffragium
1282 943 1493 993 impertiri.
1558 943 1623 982 Ea
1670 947 1842 993 propter
1892 943 2045 981 dilecte

174 1011 216 1050 in
257 1010 429 1052 Christo
477 1009 558 1050 filie
599 1011 754 1050 uestris
795 1010 914 1049 iustis
954 1011 1299 1061 postulationibus
1344 1015 1472 1064 grato
1516 1015 1820 1050 concurrentes
1863 1022 2045 1051 assensu

157 1091 383 1131 ,personas
422 1084 593 1119 uestras
635 1083 678 1118 et
717 1080 848 1118 locum
893 1080 934 1118 in
974 1091 1053 1130 quo
1095 1080 1233 1118 diuino
1274 1081 1437 1119 uacatis
1478 1081 1682 1131 obsequio
1723 1092 1813 1119 cum
1858 1079 2046 1119 omnibus

173 1148 295 1188 bonis
330 1160 410 1201 que
443 1149 802 1200 impresentiarum
835 1148 1141 1187 rationabiliter
1172 1148 1360 1200 possidet
1390 1152 1461 1188 aut
1494 1149 1536 1188 in
1562 1147 1737 1188 futurum
1762 1150 1882 1188 iustis
1914 1149 2044 1188 modis

119 1263 121 1265 ,
174 1221 394 1270 prestante
435 1217 598 1258 domino
637 1218 790 1268 poterit
837 1217 1015 1268 adipisci
1063 1218 1141 1256 sub
1190 1218 1302 1257 beati
1351 1218 1470 1257 Petri
1510 1222 1551 1258 et
1598 1221 1742 1257 nostra
1785 1218 2045 1269 protectione

173 1288 422 1338 suscipimus
465 1291 507 1326 et
538 1287 749 1338 presentis
789 1287 932 1337 scripti
967 1287 1200 1338 patrocinio
1242 1289 1547 1326 communinms,
1590 1287 1701 1326 Nulli
1735 1298 1846 1340 ergo
1881 1288 2044 1328 omnino

173 1356 376 1396 hominum
417 1356 542 1395 liceat
582 1355 691 1395 hanc
733 1356 931 1408 paginam
972 1360 1116 1395 nostre
1157 1357 1430 1407 protectionis
1473 1354 1711 1410 infringere
1751 1356 1819 1395 uel
1860 1357 1898 1394 ei
1938 1368 2043 1395 ausu

173 1426 397 1466 temerario
432 1425 657 1464 contraire.
721 1426 864 1475 Siquis
908 1429 1042 1463 autem
1083 1425 1163 1463 hoc
1206 1429 1453 1476 attemptare
1497 1426 1798 1476 presumpserit
1837 1426 2042 1479 indigna-

172 1495 324 1535 tionem
364 1494 653 1545 omnipotentis
697 1493 765 1532 dei
807 1497 848 1533 et
888 1494 1102 1533 beatorum
1141 1493 1260 1532 Petri
1301 1498 1343 1534 et
1382 1494 1501 1534 Pauli
1539 1494 1819 1546 apostolorum
1861 1495 1952 1534 eius
1993 1505 2042 1533 se

174 1564 339 1603 nouerit
386 1564 660 1603 incursurum.
732 1563 883 1602 Datum
925 1563 1131 1617 Anagnie
1170 1562 1272 1602 Idus
1315 1563 1524 1603 Octobris.
1595 1561 1868 1603 Pontificatus
1909 1564 2042 1603 nostri

172 1633 298 1674 Anno
332 1632 587 1672 duodecimo.

485 1732 539 1764 Ex
563 1731 758 1773 originali
790 1729 939 1772 ejusdem
969 1732 1167 1763 monasterii.

1041 1907 1172 1950 CCC.

173 2002 410 2056 Greqorz‘us
446 2016 562 2056 papa
601 2003 682 2044 IX.
723 2002 906 2055 mandat,
938 2006 985 2043 ut
1019 2004 1318 2043 monasterium
1369 2000 1683 2043 Tisnowicense
1721 2016 1746 2043 a
1781 2003 2040 2055 Constantia,

169 2073 321 2123 reyina
353 2073 570 2124 Βοθηιὶαε,
608 2072 833 2126 fundatum
862 2085 940 2125 per
963 2073 1216 2125 ‚episcopum
1256 2072 1526 2123 Prayensem
1559 2084 1653 2112 cum
1686 2072 1927 2112 dioeces-cmi
1958 2073 2042 2112 loci

232 2141 418 2194 ‹y'usdem
451 2153 631 2181 assensu
663 2144 944 2181 consecretur.
965 2173 969 2176 ⁴
992 2142 1064 2191 ῌΙ.
1096 2142 1319 2192 Laterani,
1352 2141 1489 2181 Nonis
1522 2141 1785 2194 Novembris,
1825 2141 1978 2182 1238.

303 2234 565 2307 Gregorius
598 2253 824 2304 episcopus
850 2264 1001 2292 seruus
1029 2263 1247 2292 seruorum
1274 2253 1354 2292 dei.
1380 2251 1610 2293 Carissimo
1637 2254 1678 2293 in
1704 2251 1874 2294 Christo
1901 2252 1978 2293 filio
1997 2283 2006 2291 .
2026 2283 2035 2292 .

169 2322 323 2362 lllustri
357 2322 474 2376 Regi
508 2322 691 2361 Boemie.
756 2322 941 2363 Salutem
976 2326 1018 2361 et
1050 2322 1320 2372 apostolicam
1361 2322 1708 2362 benedictionem.
1750 2321 1852 2363 Cum
1893 2323 2037 2361 eecle-

170 2393 272 2430 siam
305 2402 425 2442 quam
458 2390 612 2429 dilecta
644 2391 686 2429 in
719 2389 889 2431 Clu-isto
916 2390 996 2430 filia
1021 2390 1270 2432 Constantia
1302 2392 1475 2445 Regina
1508 2395 1640 2432 mater
1669 2395 1741 2431 tua
1766 2392 1806 2430 in
1838 2391 2037 2430 honorem

171 2460 297 2498 beate
346 2459 487 2498 Marie
534 2459 717 2513 uirginis
765 2461 804 2499 in
853 2471 934 2511 qua
985 2459 1228 2501 Connentus
1276 2460 1518 2501 dilectarum
1562 2463 1602 2500 in
1652 2459 1823 2502 Christo
1865 2459 2034 2500 filiarum

169 2528 412 2568 Monialium
438 2528 693 2568 vinclusarum
728 2529 805 2568 sub
840 2529 1036 2569 institutis
1062 2527 1366 2570 Cisterciensis
1398 2530 1557 2570 ordinis
1593 2530 1753 2570 domIno
1786 2527 2036 2569 famulantur
