2212 2876
1068 91 1168 130 110

190 234 364 274 salutem
415 238 457 274 et
496 234 767 285 apostolicam
806 232 1153 272 benedictionem.
1216 233 1341 272 Licet
1382 233 1599 284 sepedicto
1641 234 1740 287 regi
1774 238 1967 285 tanquam
2002 234 2053 272 ab

186 315 237 344 eo
284 305 421 344 missis
462 301 633 342 deferre
679 302 878 355 velimus3
925 303 1022 354 quia
1070 306 1208 341 tamen
1254 314 1337 341 non
1386 306 1452 341 est
1500 300 1774 342 deferendum
1821 303 2055 341 hominibus

186 377 333 412 contra
381 374 530 426 Deum,
580 372 643 410 cui
694 375 760 410 est
807 375 955 410 contra
1004 383 1147 410 omnes
1198 371 1387 410 homines
1437 369 1732 424 deserendum3
1781 371 1833 410 de
1881 369 2054 411 fratrum

186 448 422 482 nostrorum
464 441 639 480 consilio
673 440 919 479 discretioni
960 444 1106 479 vestre
1157 451 1233 491 per
1274 440 1508 490 apostolica
1547 441 1707 490 scripta
1747 438 1913 478 firmiter
1952 450 2055 491 pre-

186 512 381 563 cipiendo
406 510 660 563 mandamus,
687 513 894 561 quatenus
927 520 1093 563 regem,
1117 513 1158 548 et
1184 509 1368 548 barones
1386 509 1570 562 eosdem,
1600 512 1643 547 vt
1667 506 1830 560 prefato
1856 509 2055 560 episcopo

186 580 238 620 de
272 580 431 619 damnis
472 579 611 632 illatis,
646 582 687 617 et
728 579 958 617 subtractis
991 576 1209 631 fructibus,
1252 590 1332 617 nec
1365 579 1448 617 non
1491 578 1697 632 irrogatis
1731 579 1890 617 iniuriis
1925 579 2056 617 satis-

184 647 405 689 factionem
457 648 687 687 exhibeant
736 650 1051 700 competentem,
1102 650 1143 686 et
1191 647 1242 686 ab
1292 648 1424 698 ipsius
1474 647 1526 686 de
1574 651 1718 686 cetero
1767 647 2057 686 molestatione

185 718 405 771 desistant,
439 722 614 767 recepta
640 728 769 767 super
801 716 867 755 his
901 716 954 755 ab
980 716 1082 767 ipsis
1116 717 1415 770 pignoraticia,
1446 717 1517 756 vel
1551 715 1815 755 fideiussoria
1849 717 2056 770 cautione,

183 788 386 827 moneatis
419 786 662 839 prudenter,
697 790 739 825 et
772 784 1001 824 efficaciter
1033 785 1254 824 inducatis.
1319 784 1438 834 Quod
1475 786 1510 824 si
1544 786 1708 825 monitis
1745 786 1914 839 vestris,
1948 784 2057 837 quod

184 857 307 910 absit,
341 854 450 895 infra
494 856 598 894 duos
632 866 800 894 menses
842 855 1121 906 acquiescere
1161 852 1269 894 forte
1302 855 1524 908 noluerint,
1560 855 1859 894 denunciamus
1893 865 1968 894 eos
2002 866 2058 894 ex

182 930 280 966 tunc
321 925 790 977 excommunicationiS,
820 927 862 963 et
900 927 1026 963 totam
1068 927 1222 963 terram
1263 935 1404 963 eorum
1448 915 1657 963 interdicti
1698 924 1919 962 sententiis
1952 923 2057 962 sub-

185 995 343 1049 iacere,
377 1005 484 1046 quas
518 1005 598 1032 vos
638 997 895 1032 renouantes
936 993 1120 1047 singulis
1155 993 1302 1033 diebus
1337 993 1552 1033 dominicis
1595 996 1637 1032 et
1675 991 1855 1046 sestiuis,
1889 991 2056 1032 faciatis

185 1063 354 1104 easdem
399 1063 680 1114 appellati0ne
714 1066 886 1115 remota,
926 1065 1007 1101 tam
1041 1063 1095 1101 ab
1130 1063 1356 1116 episcopis,
1398 1073 1519 1114 quam
1559 1062 1834 1101 ecclesiarum
1868 1061 2056 1114 prelatiS,

185 1136 227 1173 et
266 1133 359 1172 aliis
401 1132 588 1171 omnibus
628 1132 779 1170 vicinis
820 1131 1116 1170 inuiolabiliter
1163 1131 1400 1184 obseruari,
1441 1131 1576 1170 donec
1616 1131 1847 1170 redeuntes
1889 1130 1941 1169 ad
1982 1142 2057 1169 cor

185 1201 370 1242 relaxari
404 1201 574 1241 easdem
607 1201 842 1240 sententias
875 1204 1116 1240 mereantur
1141 1230 1150 1239 .
1170 1230 1180 1239 .
1205 1200 1358 1240 Datum
1392 1201 1532 1240 Reate
1565 1200 1643 1239 IV.
1670 1200 1819 1239 Nonas
1852 1200 2056 1253 Augusti.

185 1268 457 1311 Pontificatus
490 1271 621 1310 nostri
654 1281 763 1309 anno
797 1269 874 1308 IV.

496 1360 735 1403 Raynaldus
760 1360 860 1392 XIII.
884 1370 916 1402 p.
940 1358 1032 1392 294.
1056 1379 1099 1383 —
1123 1370 1140 1392 e
1164 1360 1346 1404 Regesto
1370 1360 1542 1392 Honorii
1573 1360 1636 1393 111.
1659 1359 1714 1393 lib.
1739 1359 1797 1391 IV.
1822 1360 1918 1401 epist.
1944 1358 2035 1391 54¹.

1062 1536 1176 1579 C111.

186 1643 407 1684 Honorius
456 1655 570 1694 papa
609 1642 698 1681 III.
744 1641 1068 1694 archiepiscopo
1108 1641 1443 1693 Solamen-qemi,
1484 1641 1682 1693 episcopo
1716 1639 1972 1692 catanensi,
2015 1643 2054 1680 et

186 1711 322 1752 abbati
360 1710 548 1752 Sanctae
590 1711 747 1752 oruc-is
788 1710 947 1764 scribit,
988 1713 1034 1749 ut
1070 1711 1129 1750 ad
1166 1712 1348 1763 confinia
1387 1711 1511 1761 reym‘
1549 1710 1753 1749 Boemiae
1793 1709 2054 1760 accedentes,

185 1782 327 1834 parles
360 1793 462 1820 suas
486 1782 754 1832 interponant
777 1780 835 1819 ad
856 1779 1176 1832 reformandum
1203 1779 1477 1818 concordiam
1502 1780 1608 1818 iuter
1632 1790 1778 1829 reyem
1802 1780 1841 1816 et
1863 1777 2056 1830 barones,

239 1852 360 1902 atque
392 1851 634 1902 episcopum
667 1852 705 1888 et
735 1850 894 1889 clerum
925 1849 1142 1888 Boemz‘ae.
1206 1849 1364 1888 Datum
1406 1847 1578 1889 Vilerbz’z‘
1610 1847 1741 1886 XIII.
1778 1846 2001 1887 Kalendas

934 1917 1113 1969 Aprilis,
1154 1916 1307 1957 1220.

315 2011 553 2072 Honorius
588 2030 814 2081 episcopus
848 2040 1001 2068 seruus
1034 2040 1252 2068 seruorum
1286 2028 1366 2068 dei.
1416 2027 1747 2067 venerabilibus
1782 2025 1982 2068 fratribus
2010 2057 2019 2067 .
2045 2063 2055 2073 ,

187 2098 513 2153 Salisburgensi
539 2099 875 2152 archiepiscopo,
896 2127 905 2136 .
923 2128 933 2137 .
950 2098 1155 2149 Kymensi
1173 2099 1387 2151 episcopo,
1415 2101 1456 2136 et
1480 2097 1632 2136 dilecto
1658 2094 1765 2136 filio.
1786 2125 1795 2136 .
1814 2096 1860 2137 S.
1887 2095 2055 2148 Crucis,

188 2166 492 2209 cisterciensis
533 2168 706 2222 ordinis,
754 2168 1025 2207 Patauiensis
1066 2167 1265 2220 diocesis,
1305 2166 1448 2206 abbati
1488 2167 1663 2205 salutem
1705 2170 1746 2205 et
1786 2166 2055 2217 apostolicam

188 2237 534 2276 benedictionem.
592 2237 698 2276 Post
730 2237 925 2276 diutinam
957 2248 1125 2289 moram,
1160 2247 1279 2287 quam
1314 2235 1570 2274 venerabilis
1603 2233 1735 2274 frater
1767 2239 1914 2274 noster
1945 2234 2056 2274 Pra-

189 2306 342 2360 gensis
377 2306 602 2356 episcopus
636 2306 745 2356 apud
773 2305 1041 2356 apostolicam
1076 2305 1219 2344 sedem
1252 2306 1392 2358 traxit,
1427 2317 1501 2355 pro
1538 2306 1757 2356 questione
1784 2306 1892 2343 inter
1924 2305 2055 2355 ipsum

188 2386 264 2425 pro
308 2378 429 2425 parte
471 2386 567 2427 una,
610 2378 652 2413 et
684 2375 882 2414 illustrem
924 2385 1089 2429 regem,
1130 2377 1172 2413 et
1203 2374 1390 2413 barones
1432 2374 1604 2413 Boemie
1646 2385 1702 2412 ex
1743 2373 1891 2426 altera,
1925 2383 2055 2423 super

189 2442 375 2495 decimis,
425 2443 711 2482 iurisdictione
760 2443 1070 2497 ecclesiastica,
1111 2443 1387 2482 ecclesiarum
1436 2443 1700 2496 immunitate,
1748 2453 1798 2481 ac
1847 2441 2054 2480 nonnullis

190 2511 282 2551 aliis
315 2511 367 2551 ad
402 2511 735 2551 ecclesiasticam
770 2513 1074 2563 pertinentibus
1102 2512 1334 2551 libertatem
1368 2512 1555 2565 suborta,
1590 2523 1664 2562 pro
1693 2522 1773 2562 qua
1807 2511 1929 2549 etiam
1963 2510 2054 2560 ipse
