2212 2876
1000 81 1070 122 49

97 225 360 279 patauiensis
399 224 586 266 diocesis
626 224 802 265 salutem
842 227 885 264 et
924 225 1198 276 apostolicam
1237 224 1586 264 benedictionem.
1650 224 1880 265 Accedens
1921 224 1976 265 ad

97 296 354 348 presentiam
370 297 555 335 nostram
575 294 754 334 dilectus
778 292 885 333 filius
911 293 1047 333 abbas
1065 294 1346 333 Medlicensis
1367 295 1496 349 graui
1523 294 1645 333 nobis
1669 295 1976 346 conquestione

95 365 356 416 monstrauit,
383 364 492 417 quod
526 364 789 404 venerabilis
813 361 946 403 frater
979 366 1140 417 noster7
1175 364 1401 415 episcopus
1431 363 1724 404 Olomocensz‘s
1758 367 1801 403 et
1833 363 1974 403 dilecti

95 432 166 475 filii
199 432 334 474 abbas
367 433 420 474 de
453 433 615 475 Sancta
639 444 783 487 cruce,
817 437 859 472 et
892 432 1079 472 decanus
1108 431 1161 472 de
1194 444 1230 471 s.
1263 433 1456 487 Agatha,
1484 433 1756 472 Patauiensis
1791 433 1974 472 diocesis

95 504 229 555 ipsius
261 502 507 543 conludices
534 502 726 557 delegati
758 501 928 541 anobis
962 506 1110 541 contra
1133 513 1225 541 eum
1258 502 1357 541 licet
1390 503 1529 553 aliqua
1554 513 1699 556 causa,
1734 513 1814 554 que
1843 503 1977 553 ipsum

95 576 284 627 tangere
309 571 541 626 videretur,
575 572 795 611 comnnssa
830 572 909 624 eis,
935 571 1043 610 sicut
1077 571 1241 625 dicitur7
1275 583 1358 611 non
1383 570 1547 625 fuisset.
1581 572 1764 624 iniquam
1798 575 1976 611 senten—

96 642 195 682 tiam
228 641 506 695 protulerunt,
540 652 617 692 per
650 652 771 693 quam
804 642 1100 680 monasterium
1133 646 1231 680 ante
1257 641 1407 680 dictum
1442 642 1673 680 incurrisse
1708 641 1977 696 dignoscitur

97 722 182 751 non
230 711 431 750 modicum
491 710 791 750 detrimentum.
864 707 969 750 Cum
1019 711 1151 764 igitur
1197 722 1317 749 nemo
1373 710 1528 749 debeat
1577 711 1730 749 iniuste
1780 711 1976 764 grauari7

98 779 344 819 discretioni
376 783 524 819 vestre
557 790 635 830 per
659 779 893 830 apostolica
925 780 1083 830 scripta
1117 779 1372 824 mandamus.
1415 784 1622 831 quatenus
1657 781 1836 834 vocatis7
1870 790 1976 831 quos

98 843 372 901 propter'hoc
399 848 589 888 videritis
616 848 876 901 euocandos7
902 851 944 887 et
966 849 1164 900 inquisita
1192 860 1321 899 super
1345 848 1410 887 his
1445 848 1706 902 diligentius„
1732 852 1774 888 et
1801 849 1977 902 cognita

99 919 295 971 veritate,
330 918 436 969 quod
467 919 615 957 iustum
648 916 786 971 suerit,
812 918 1096 969 appellatione
1131 918 1363 969 postposita
1387 921 1624 957 statuentes
1657 916 1836 971 faciatis7
1868 917 1978 969 quod

98 987 380 1028 decreueritis
412 998 490 1039 per
522 999 746 1027 censuram
782 987 1121 1027 ecclesiasticam
1155 985 1323 1026 firmiter
1356 987 1592 1026 obseruari.
1657 986 1795 1026 Nullis
1828 987 1978 1026 litteris

98 1057 268 1096 veritati
316 1060 359 1096 et
404 1057 561 1096 iustitie
611 1056 972 1107 preiudicantibus
1020 1069 1044 1095 a
1086 1056 1191 1096 sede
1231 1056 1468 1108 apostolica
1509 1057 1752 1108 impetratis.
1818 1055 1978 1105 Quodsi

98 1137 181 1166 non
231 1136 375 1165 onmes
418 1125 484 1165 his
525 1126 791 1178 exequendis
846 1127 1065 1177 potueritis
1105 1127 1332 1180 interesse,
1374 1126 1454 1165 duo
1494 1130 1680 1166 vestrum
1714 1126 1977 1166 nihilominus

98 1198 377 1247 exequantur.
426 1196 581 1235 Datum
614 1195 798 1235 viterbii
832 1196 931 1236 ΧΠ.
964 1195 1186 1235 Kalendas
1220 1195 1496 1247 Septembris.
1545 1194 1818 1236 l‘ontilicatus
1845 1195 1978 1235 nostri

98 1276 208 1305 aimo
243 1265 415 1305 decimo.

411 1365 550 1397 Huher
572 1365 747 1398 Austria
771 1374 813 1397 cx
836 1365 984 1397 archivis
1008 1375 1039 1407 p.
1070 1364 1130 1397 12.

980 1534 1098 1574 XLI.

101 1636 328 1689 Robertus,
356 1638 581 1690 episcopus
608 1636 916 1687 olomuc-ensis,
939 1637 1174 1677 com-ambit
1200 1650 1294 1676 eum
1319 1637 1450 1678 nobili
1475 1636 1693 1690 Sleplnmo
1717 1637 1770 1677 de
1792 1637 1979 1678 Jledlow

146 1707 273 1746 villa-s·
307 1705 602 1746 Daubrmrnik
635 1710 674 1746 ec
704 1706 906 1757 Drayne‘ls
937 1719 1017 1759 pro
1052 1708 1164 1746 villis
1200 1708 1348 1747 Tuiwm
1380 1710 1419 1746 ec
1452 1708 1700 1746 Pelrowice.
1765 1709 1926 1748 Datum

518 1775 730 1816 Olonmciz‘
770 1776 866 1817 1²11.
901 1776 1126 1817 Kalendas
1161 1776 1369 1823 Octobris,
1410 1777 1561 1817 1208.

231 1877 292 1938 In
326 1897 490 1937 nomine
515 1901 663 1937 sancte
691 1901 734 1938 et
758 1898 969 1938 indiuidue
998 1899 1207 1938 trinitatis.
1249 1898 1531 1950 Rsubertus}
1555 1898 1622 1938 dei
1648 1900 1803 1953 gracia
1828 1901 1978 1939 sancte

104 1966 396 2007 Olomucensis
440 1967 626 2006 ecclesie
678 1968 904 2019 episcopus
946 1968 1134 2007 omnibus
1183 1969 1250 2019 qui
1293 1972 1390 2008 sunt
1436 1972 1477 2007 et
1518 1972 1640 2007 erunt
1678 1969 1978 2020 inperpetuum.

104 2036 408 2075 Vniuersitatis
437 2037 624 2090 negocia
649 2037 798 2076 litteris
824 2038 1031 2078 mandata.
1061 2049 1117 2077 ex
1143 2049 1285 2077 earum
1319 2038 1514 2076 memoria
1544 2037 1715 2077 trahunt
1738 2036 1978 2078 firmitatem.

104 2105 350 2144 Innotescat
382 2105 514 2159 igitur
541 2107 810 2156 presentibus
844 2118 894 2146 ac
920 2105 1067 2146 suturis
1102 2107 1211 2158 quod
1245 2119 1346 2161 ego.
1394 2107 1714 2150 RUBER'FUS
1749 2109 1977 2159 episcopus

107 2173 386 2213 olomucensis
429 2185 519 2213 cum
561 2186 743 2214 assensu
784 2177 908 2230 regis
950 2176 1229 2215 bohemorum.
1265 2175 1588 2217 O'r'POCARI.
1617 2180 1659 2216 et
1699 2175 1841 2217 fratris
1884 2178 1976 2217 eius

106 2242 361 2282 marchionis
393 2255 654 2283 morauorum
689 2244 756 2284 W
760 2244 1057 2285 LADISLAI.
1092 2246 1131 2284 in
1158 2247 1384 2296 presencia.
1417 2258 1537 2298 quam
1571 2246 1748 2298 plurium
1781 2247 1976 2287 nobilium

104 2312 321 2363 utriusque
347 2315 474 2351 terre.
499 2313 732 2365 aprobante
758 2314 920 2354 domino
948 2315 1110 2354 decano
1134 2315 1432 2366 W(a1thero].
1463 2320 1505 2356 et
1531 2317 1732 2356 uniuerso
1766 2320 1979 2356 conuentu

106 2380 292 2420 eiusdem
333 2381 518 2420 ecclesie
567 2383 756 2422 cambiui.
796 2383 1115 2424 STEPHANO
1166 2385 1256 2424 viro
1300 2385 1427 2424 nobili
1468 2385 1562 2426 filio.
1627 2384 1834 2426 Gothardi
1873 2385 1978 2425 duas

104 2449 226 2489 uillas
266 2450 539 2501 episcopatus
584 2453 717 2492 nostri
759 2452 995 2492 dubramn’c
1035 2453 1212 2494 scilicet.
1253 2458 1294 2493 et
1336 2453 1538 2505 Draqnzlc
1580 2458 1623 2494 et
1661 2459 1816 2495 terram
1856 2455 1977 2494 unius

105 2519 235 2558 aratri
268 2519 309 2559 in
343 2519 602 2560 Dreuniche.
628 2533 702 2573 pro
738 2522 897 2562 duabus
922 2522 1029 2561 uillis
1063 2523 1208 2574 ipsius.
1261 2523 1433 2563 Tamne
1453 2523 1652 2563 uidelicet
1677 2528 1719 2563 et
1743 2523 1975 2564 Peerouzcle

1634 2591 1664 2608 μοι

1636 2604 1659 2633 ί
