2212 2876
1013 124 1118 165 213

900 269 906 273 ’
961 265 1164 309 CXCVI.

128 360 355 412 molemus,
399 362 470 414 qui
517 364 557 401 et
596 360 808 413 mamyst,
849 362 1054 402 Boemiae
1093 373 1191 412 rex,
1228 359 1374 413 judici
1415 361 1689 402 Olomucensz'
1730 360 1915 411 mandat,
1954 363 2000 400 ul

128 429 317 471 homines
357 430 410 470 de
440 430 596 471 Lazlca
637 430 757 470 etde
798 430 1027 482 Hodolany
1067 430 1299 469 secundnm
1326 431 1435 483 jura
1478 430 1773 490 olomucensis
1816 431 1997 470 civitatis

383 500 562 553 judicet.
625 500 777 540 Accam
808 501 853 539 in
883 500 1053 551 Bruna,
1087 500 1187 540 XV.
1220 499 1324 539 Kal.
1357 500 1537 551 Aprilis,
1579 498 1732 540 1228.

260 584 506 644 Ottacarus
540 603 607 655 qui
642 606 684 642 et
715 602 884 642 Primizl
917 602 984 641 dei
1018 603 1163 656 gratia
1196 614 1275 642 rex
1307 603 1556 642 Boemorum
1587 631 1597 641 .
1621 632 1631 642 .
1658 632 1668 641 .
1692 601 1815 641 iudici
1850 604 1995 641 nostro

128 671 181 711 de
216 671 393 712 olomuc
427 673 467 711 in
500 675 759 723 perpetuum.
800 671 1053 711 Mandamus
1086 671 1158 710 tibi
1193 676 1233 710 et
1262 671 1490 710 districtius
1525 672 1776 722 precipimus
1802 671 1996 723 quatinus

125 740 316 780 homines
357 741 409 782 de
448 740 624 781 Laseclz
663 745 704 780 et
744 741 797 780 de
837 740 1067 792 Hodolany
1107 752 1190 780 non
1232 740 1355 779 aliter
1394 740 1582 779 iudicare
1622 752 1840 791 presumas
1874 751 1995 791 quam

127 810 356 849 secundum
396 811 487 849 iura
520 811 690 862 antiqua
730 811 911 849 ciuitatis
953 809 1255 850 olomucensis.
1290 812 1427 859 que'a
1469 808 1579 847 bone
1619 809 1814 848 memorie
1847 812 1995 859 patruo

132 882 274 919 nostro
306 879 560 919 I‘I“Ictde’ntit·o
592 879 699 918 duce
724 878 935 930 quondam
965 878 1237 918 olomucensi
1269 878 1308 916 in
1343 877 1490 916 eadem
1514 879 1685 917 ciuitate
1711 881 1808 916 sunt
1840 880 1994 916 statuta

127 952 169 987 et
215 948 442 988 secundum
491 959 571 1000 que
619 946 769 999 prefati
819 947 1007 987 homines
1056 947 1262 986 hactenus
1313 946 1486 985 iudicari
1535 950 1862 986 consuenerunt.
1913 957 1996 984 non

128 1017 323 1057 obstante
357 1017 582 1071 priuilegio
618 1015 751 1056 felicis
775 1018 970 1055 memorie
1004 1014 1147 1055 fratris
1173 1016 1302 1054 nostri
1348 1015 1578 1054 wladizlai
1609 1015 1862 1054 marchionis
1895 1015 1996 1054 Mo-

126 1087 246 1125 rauie
286 1087 325 1125 in
367 1097 446 1138 quo
487 1084 652 1137 prefate
696 1086 853 1125 ciuitati
895 1085 1160 1125 olomucensi
1203 1084 1256 1123 de
1297 1073 1440 1123 nostro
1483 1095 1695 1123 consensu
1736 1096 1855 1122 usum
1887 1084 1996 1122 iuris

129 1154 453 1194 Teutonicomm
485 1154 598 1206 qaod
629 1153 1011 1205 211ei‚qd‹2l1211·‚qense
1038 1154 1278 1207 vulgariter
1312 1158 1588 1206 nuncupatur7
1623 1153 1857 1191 liberaliter
1890 1163 1995 1190 con-

127 1228 333 1263 cesserat.
383 1221 683 1264 constituimus
717 1225 849 1277 igitur
879 1223 1070 1262 dilectum
1104 1221 1223 1261 filium
1252 1226 1437 1265 nostrum
1471 1222 1679 1273 PremizI,
1707 1220 1996 1260 nunchionem

127 1293 326 1333 „Ueranio
358 1293 478 1332 huius
513 1297 656 1332 nostre
690 1292 996 1332 constitutionis
1031 1290 1297 1331 defensorem
1418 1292 1569 1331 Actum
1597 1286 1644 1330 in
1677 1291 1851 1331 Brunna
1886 1301 1994 1329 anno

129 1360 275 1401 domini
312 1362 371 1402 M.
406 1360 494 1404 CC.
529 1363 694 1402 XXIX.
727 1362 827 1401 XV.
860 1361 1081 1400 Kalendas
1114 1361 1288 1412 Aprilis.

439 1460 566 1503 Copia
589 1462 620 1492 in
647 1461 783 1493 archivo
813 1459 1098 1493 olomucensis
1127 1461 1250 1492 curiae.

952 1636 1175 1679 Cxcwl.

130 1733 390 1785 Constantia,
417 1734 673 1773 Boemomm
697 1734 860 1784 reqina,
883 1732 1135 1772 monialibus
1169 1733 1211 1772 in
1238 1733 1436 1772 Kaum‘ce
1460 1735 1543 1771 tres
1567 1733 1713 1771 vineas
1736 1732 1779 1771 in
1810 1731 1994 1771 Medlow

357 1815 382 1841 (ι
413 1801 544 1841 nobile·
585 1794 785 1853 woytech
817 1805 946 1841 emlas
980 1802 1155 1854 confert.
1223 1802 1292 1841 ΠΙ.
1327 1802 1370 1840 in
1404 1802 1570 1851 Brvma,
1612 1801 1762 1841 1229.

256 1886 317 1946 In
358 1905 521 1944 nomine
565 1909 714 1944 sancte
762 1909 803 1944 et
849 1905 1060 1944 indiuidue
1109 1905 1319 1944 trinitatis.
1383 1905 1628 1943 Innotescat
1677 1904 1864 1942 omnibus
1912 1906 1992 1941 tam

127 1974 396 2026 presentibus
429 1985 548 2025 quam
573 1972 722 2014 suturis
756 1974 865 2026 quod
892 1985 980 2028 ego
1016 1973 1261 2014 Constantia
1288 1974 1355 2013 dei
1389 1974 1533 2027 gratia
1556 1974 1803 2012 Boemorum
1837 1972 1993 2025 regina

128 2043 304 2094 cupiens
352 2043 393 2082 in
433 2042 655 2082 remedium
699 2044 833 2082 anime
882 2054 973 2082 mee
1016 2044 1228 2094 particeps
1269 2040 1358 2082 fieri
1399 2043 1628 2081 orationum
1668 2041 1912 2080 dilectarum
1951 2040 1993 2081 in

129 2110 299 2153 Christo
333 2123 519 2151 sororum
543 2112 794 2152 inclusarum
828 2112 870 2151 in
895 2113 1146 2152 monasterio
1181 2111 1287 2163 quod
1316 2114 1596 2151 constructum
1631 2121 1731 2150 esse
1764 2109 1993 2149 dinoscitur

127 2182 167 2221 ‘m
203 2180 383 2222 Chuniz.
411 2181 568 2220 ordinis
602 2181 1009 2221 Premonstratensis
1039 2181 1141 2232 ipsis
1174 2180 1328 2220 contuli
1352 2181 1443 2219 iure
1477 2183 1680 2231 perpetue
1706 2179 1991 2231 possessionis

126 2253 215 2289 tres
247 2250 398 2288 vineas
439 2260 544 2300 quas
577 2260 667 2289 mea
707 2251 945 2301 comparaui
988 2250 1166 2301 pecunia
1200 2249 1309 2299 apud
1350 2249 1526 2288 nobilem
1567 2249 1696 2288 uirum
1738 2248 1909 2299 Voyteh
1950 2248 1991 2286 in

128 2318 357 2361 Mediloue.
398 2322 746 2370 comparatasque
786 2320 827 2358 in
874 2330 1021 2358 manus
1070 2319 1255 2357 Floriani
1305 2318 1506 2369 prepositi
1551 2316 1700 2368 prefati
1748 2316 1991 2356 monasterii

128 2387 365 2441 resignaui.
399 2388 592 2439 quatinus
625 2388 664 2426 in
689 2399 793 2427 usus
826 2386 1078 2439 prefatarum
1111 2398 1299 2426 sororum
1323 2387 1363 2426 in
1398 2390 1640 2438 perpetuum
1675 2388 1988 2426 conuertantur.

129 2456 280 2496 Datum
315 2456 354 2495 in
388 2457 560 2498 Brunna
594 2468 703 2496 anno
738 2457 887 2496 domini
919 2457 980 2497 Μ.
1016 2454 1105 2497 CC.
1138 2455 1306 2496 XXIX.

439 2555 468 2588 E
495 2554 612 2588 codice
638 2555 1000 2588 Tischnowicensi
1030 2554 1099 2587 Ms.
