2212 2876
1041 92 1146 133 319

158 241 199 280 in
220 231 433 279 excelsis.
496 238 622 279 Licet
663 237 851 279 dominus
884 240 1032 277 noster
1071 239 1113 276 et
1144 234 1290 275 frater.
1329 238 1411 275 tum
1445 238 1488 275 et
1527 247 1618 275 nos.
1651 235 1772 274 unius
1814 235 2026 290 genitoris

157 309 470 363 genitricisque
504 307 748 361 propagine
780 307 1011 360 propagati
1043 305 1206 360 scilicet
1243 304 1544 344 Wenzezlaus
1577 305 1815 344 boemorum
1848 316 1928 344 rex
1961 305 2027 344 in-

157 378 308 417 uictus.
341 379 507 432 regiam
542 378 583 416 in
616 387 757 430 regno
791 364 1059 431 sitvsor'tit‘us*
1082 373 1344 428 dignitatem.
1386 384 1464 412 nos
1496 376 1632 412 tamen
1666 373 1953 412 nichilominus
1986 374 2027 412 in

158 447 294 498 patrui
327 447 459 486 nostri
485 446 769 485 successimus
802 443 1090 483 hereditatem.
1116 444 1184 494 qui
1219 443 1367 494 potiori
1389 443 1633 494 saniorique
1666 445 1896 493 preuentus
1923 453 2028 481 con-

159 515 265 555 silio.
299 527 382 554 una
421 526 511 554 cum
545 511 714 553 auxilio.
757 514 795 552 in
830 511 1074 552 fundatione
1113 511 1284 551 claustri
1326 511 1503 562 predicti
1543 511 1675 551 tenuit
1714 511 2028 562 patrocinatum.

158 584 271 624 unde
304 595 381 623 nos
404 585 454 626 in,
479 584 609 635 ipsius
642 583 874 634 principatu
901 582 1202 633 principantes.
1235 580 1472 620 Mai-chiam
1498 580 1695 620 Morauie
1720 568 2029 634 gubernantes.

160 653 386 693 sollertiori
419 664 534 693 cura.
568 650 830 693 defensionis
863 651 1041 701 clippeo.
1075 651 1182 689 omni
1223 650 1600 701 circumspectione
1633 649 1832 705 adhibita.
1865 648 1918 688 ab
1951 648 2029 688 ho-

160 723 281 762 stium
328 723 572 762 incursione
613 721 746 760 locum
795 718 1019 759 antefatum
1061 723 1252 759 tenemur
1302 718 1570 773 protegendo
1614 716 1877 758 obumbrare.
1941 703 2028 758 Sed

160 801 250 830 cum
284 791 410 830 nichil
443 791 562 842 operi
597 790 663 829 dei
697 790 751 829 sit
783 788 1110 841 preponendum.
1154 792 1196 827 et
1227 799 1310 827 non
1343 788 1423 827 nisi
1457 799 1534 839 per
1567 799 1698 839 opera
1729 786 2029 827 misericordie.

159 859 450 899 misericordia
481 860 718 899 miserentis
752 858 996 909 acquiritur.
1029 867 1110 908 que
1143 857 1182 895 in
1218 856 1441 896 dilectione
1474 857 1648 907 proximi
1683 856 1894 907 plurimum
1926 865 2030 894 con-

160 933 258 968 stat.
292 940 370 981 per
410 916 532 986 quam
565 913 732 969 dil'ectio
775 927 842 966 dei
877 927 1098 965 obtinetur.
1139 916 1306 964 dicente
1347 925 1471 964 beato
1514 925 1743 979 Gregorio.
1806 924 1944 980 Nemo·
1978 923 2031 962 ad

160 998 346 1049 seipsum
378 997 598 1044 karitatem
638 986 798 1036 habere
833 996 997 1046 poterit.
1037 994 1114 1034 sed
1148 994 1314 1034 dilectio
1358 995 1491 1034 tendit
1531 995 1571 1033 in
1613 994 1787 1032 alterum
1826 996 1871 1032 ut
1902 992 2035 1044 possit

161 1077 264 1107 esse
304 1067 480 1106 karitas.
528 1069 758 1111 cernentes
799 1065 1014 1119 egestatis
1064 1064 1242 1114 inopiam
1283 1063 1561 1114 predictorum
1612 1061 1784 1102 fratrum
1833 1061 1949 1100 simul
1993 1064 2035 1100 et

160 1134 388 1188 dampnum
419 1147 445 1174 a
476 1146 576 1186 ναμε
608 1133 847 1173 boemorum
880 1132 1048 1172 domino
1081 1135 1119 1171 el
1145 1133 1284 1184 fratre
1314 1120 1459 1171 nostro
1500 1131 1755 1171 chzezlao
1785 1142 1863 1182 per
1896 1142 2027 1169 eat-er·-

162 1205 289 1244 cilum
322 1216 456 1244 suum.
483 1203 662 1243 indebite
694 1204 738 1242 in
762 1202 943 1254 quodam
973 1202 1123 1254 prelio.
1157 1205 1195 1240 el
1224 1200 1541 1241 contubernales
1568 1212 1682 1239 suos.
1706 1199 1764 1239 ad
1787 1200 2033 1251 qumqenlas

165 1272 310 1312 libras.
348 1285 426 1326 per
467 1284 617 1312 sanam
658 1274 854 1311 &traines
893 1272 1193 1310 estimationem
1230 1271 1338 1323 ipsis
1384 1271 1559 1310 illatum.
1597 1269 1737 1308 villam
1776 1270 2034 1320 prenotatam

163 1341 399 1382 U'olkwiz.
433 1342 473 1380 in
501 1341 664 1392 dampni
699 1327 1060 1379 restaurationem.
1085 1337 1255 1378 fratrum
1280 1340 1606 1392 consolationem
1630 1340 1896 1389 peccatorum
1931 1337 2036 1376 obo-
2090 1342 2092 1345 ’

164 1411 359 1451 litioncm.
401 1411 589 1450 viuorum
629 1410 776 1449 salute.
818 1410 1043 1453 animarum
1083 1413 1287 1459 perpetua
1329 1409 1483 1460 quiete.
1525 1405 2036 1462 genitorum‘nostrorum

164 1490 331 1534 regum.
364 1480 447 1519 loci
480 1478 659 1530 predicti
692 1477 954 1518 fundatorum
988 1478 1246 1529 omniumque
1285 1477 1640 1529 subsequentitnn.
1673 1487 1752 1527 per
1783 1475 1925 1514 carnis
1960 1474 2037 1513 de·-

165 1549 291 1589 bitum
331 1549 438 1588 omni
478 1546 747 1587 infestatione
786 1558 1083 1587 successorum
1129 1549 1363 1586 nostrorum
1405 1544 1589 1585 funditus
1637 1544 1867 1584 eradicata.
1916 1555 2039 1583 manu

164 1617 317 1657 ualida.
358 1620 566 1669 potestate
607 1617 749 1671 regia.
790 1628 881 1655 cum
929 1616 1117 1655 omnibus
1158 1615 1409 1667 appenditiis
1451 1615 1540 1654 suis
1587 1613 1772 1653 indebita
1813 1612 2038 1652 exactione

166 1699 192 1726 a
225 1687 402 1726 subditis
436 1687 564 1740 regni
598 1686 662 1725 sui
697 1685 888 1725 exclusa.
922 1686 1029 1724 omni
1062 1685 1154 1723 iure
1188 1684 1503 1738 priuilegiorum
1538 1682 1901 1734 Cysterciensium
1934 1693 2039 1720 con-

171 1766 311 1795 cesso.
346 1761 389 1795 ut
413 1759 455 1794 in
478 1755 571 1794 hoc.
596 1755 705 1794 sicut
734 1757 776 1793 et
800 1755 840 1793 in
866 1754 958 1793 aliis
981 1753 1138 1805 prediis
1168 1754 1349 1804 ipsorum
1375 1756 1578 1804 perpetua
1608 1752 1802 1791 libertate
1834 1749 2037 1790 fruantur.

167 1835 222 1864 ne
247 1825 300 1864 ab
325 1824 464 1877 aliquo
490 1834 620 1875 super
646 1823 853 1862 limitibus.
878 1823 1015 1877 agris.
1045 1822 1179 1862 cultis.
1204 1823 1384 1861 incultis.
1410 1823 1503 1861 uiis.
1534 1821 1669 1861 inuiis.
1695 1821 1827 1872 aquis.
1853 1819 2037 1870 pascuis.

166 1894 312 1946 pratis.
346 1893 548 1934 domibus.
571 1894 716 1933 curtis.
748 1891 953 1932 fructetis.
980 1892 1200 1932 noualibus
1234 1892 1421 1942 quesitis.
1448 1891 1540 1930 siue
1566 1890 1807 1942 querendis.
1832 1889 2039 1928 hactenus

168 1961 432 2003 infestentur.
464 1963 718 2002 monasterio
748 1960 1000 2015 Welegrad
1034 1965 1076 2000 et
1098 1960 1223 2000 beate
1255 1961 1395 2001 Marie
1429 1960 1602 2013 virgini.
1636 1961 1759 2010 eique
1792 1958 1847 1998 ibi
1879 1957 2037 2011 iugiter

168 2030 459 2072 famulantibus
492 2031 756 2071 contradidit.
798 2031 1062 2070 decretorum
1096 2041 1262 2068 suorum
1305 2030 1531 2083 priuilegio
1565 2029 1767 2068 muniens.
1802 2027 1966 2066 scilicet
1997 2029 2041 2064 ut

168 2102 342 2140 inuasor
373 2100 562 2152 predicte
586 2101 684 2140 ville
717 2100 1011 2140 ecclesiastica
1036 2100 1302 2139 secularisve
1335 2109 1517 2150 persona
1547 2095 1648 2136 fisco
1680 2097 1807 2151 regio
1840 2097 1880 2135 in
1906 2095 2039 2135 XXX

169 2170 286 2209 libris
327 2170 419 2209 auri
458 2169 640 2221 purioris
680 2168 790 2209 soret
830 2169 1032 2224 obligata.
1080 2172 1124 2208 et
1164 2179 1240 2220 per
1278 2168 1405 2221 regie
1445 2166 1678 2206 maiestatis
1718 2165 1909 2204 edictum.
1957 2167 2039 2203 tum

170 2238 300 2278 rebus
334 2250 456 2290 quam
480 2238 644 2278 honore
678 2239 951 2290 imperpetuo.
979 2238 1059 2278 nisi
1084 2248 1160 2289 per
1191 2236 1446 2290 condignam
1471 2233 1813 2275 satisfactionem.
1840 2233 2039 2284 priuetur.

170 2307 295 2347 Hanc
328 2307 463 2361 igitur
488 2308 657 2362 regiam
692 2308 964 2348 donacionem
999 2308 1039 2346 in
1066 2305 1319 2360 VVelegrad
1353 2303 1504 2344 factam
1527 2305 1578 2344 ad
1604 2315 1772 2356 precum
1806 2306 2040 2352 nostrarum

171 2376 440 2416 omnimodam
479 2377 738 2416 instanciam.
778 2380 820 2416 et
858 2376 1116 2416 uenerabilis
1157 2375 1342 2415 eiusdem
1383 2374 1549 2414 cenobii
1588 2374 1753 2414 abbatis
1792 2371 2041 2411 Hartmanni

171 2447 388 2485 annuimus
420 2445 704 2485 beniuolentia
742 2444 929 2485 fraterne
963 2444 1212 2485 dilectionis.
1254 2447 1298 2483 ut
1330 2444 1367 2483 si
1398 2441 1507 2483 sorte
1541 2455 1597 2483 ex
1628 2443 1710 2482 hiis
1744 2440 1839 2493 quid
1872 2444 2040 2479 nostros

171 2517 318 2566 posset
338 2514 496 2555 cedere
516 2515 556 2554 in
574 2526 687 2554 usus.
706 2515 812 2567 quod
833 2526 907 2566 pro
934 2514 1131 2554 communi
1155 2513 1322 2568 geritur
1339 2504 1487 2552 salute.-
1507 2512 1669 2564 penitus
1693 2522 1768 2550 nos
1789 2512 2039 2560 nostrosque
