2212 2876
1102 116 1204 158 118

209 263 528 319 stragoviensis
562 261 806 301 canonicus.
838 259 1062 300 Johannes
1095 259 1381 311 parochianus
1423 259 1466 298 in
1499 258 1678 299 chetow.
1743 260 1800 301 Ut
1832 263 1969 300 autem
2001 259 2082 300 hee

208 344 301 372 mea
335 332 508 372 donacio
552 332 593 370 in
626 332 872 381 perpetuum
911 329 1040 369 robur
1073 328 1232 368 habeat
1271 326 1486 368 firmitatis.
1519 328 1598 368 has
1636 328 1799 368 litteras
1839 330 1919 368 mei
1951 330 2085 384 sigilli

208 399 288 440 seci
324 402 540 441 munimine
572 399 780 439 roborari.

518 499 573 531 Ex
597 497 791 540 originali
816 498 954 529 monast.
978 497 1183 529 Lucensis
1208 495 1268 537 (F.
1288 495 1347 539 2.)
1371 496 1402 527 in
1418 497 1550 538 registr.
1578 505 1606 527 c.
1621 506 1646 527 r.
1672 494 1840 528 Gubernii.
1864 516 1907 519 —
1931 496 2083 539 Sigillum

623 550 772 582 illaesum
795 549 963 591 appendat
986 558 1058 581 cum
1082 549 1202 591 insigni
1225 550 1334 590 gentis
1359 548 1642 580 Pernsteinianae.

205 783 430 835 Romulus9
464 783 690 835 episcopus
724 781 1034 832 olomucensis,
1068 781 1292 834 confirmat
1320 780 1576 819 monasterio
1607 780 1802 820 Luc-ensi
1820 779 1901 832 jus
1930 782 2081 832 patro-

481 854 606 891 natus
639 852 845 891 ecclesiae
876 852 920 890 in
951 845 1197 890 Primielice.
1261 850 1335 889 ΠΙ.
1368 846 1613 901 Ρῑ·ἱνηέῖ·ἱσε,
1655 848 1807 889 1220.

334 923 629 993 R(0be1·tus]
671 942 739 981 dei
772 941 927 995 gracia
968 940 1257 981 Olomueensis
1292 941 1534 991 episcopus.
1576 940 1740 979 cunctis
1782 937 1941 980 Christi
1975 937 2082 979 fide-

201 1013 310 1053 libus
357 1011 625 1064 presentibus
673 1014 715 1050 et
756 1008 920 1050 suturis.
961 1010 1140 1049 salutem
1188 1009 1228 1048 in
1269 1021 1375 1048 uera
1424 1009 1602 1048 salute.v
1639 1009 1849 1048 Nouerint
1892 1009 2079 1048 vniuersi

200 1081 324 1123 huius
364 1081 511 1131 scripti
551 1081 712 1131 copiam
751 1079 947 1118 habituri.
989 1078 1098 1130 quod
1139 1078 1311 1117 illustris
1344 1077 1530 1117 marchio
1573 1078 1770 1117 Morauie
1811 1077 2080 1117 ”ladizlaus

201 1151 272 1201 qui
305 1153 344 1188 et
379 1150 598 1188 Henricus
639 1148 814 1187 nomine.
849 1149 913 1187 ius
954 1151 1202 1199 patronatus
1240 1147 1427 1186 ecclesie
1468 1147 1520 1185 de
1551 1147 1748 1198 primelc'z
1782 1158 1856 1197 pro
1891 1147 2076 1186 remedio

202 1220 337 1258 anime
370 1229 460 1257 sue.
495 1221 537 1257 et
569 1217 923 1269 predecessorum
955 1228 1122 1256 suorum
1157 1216 1211 1255 ad
1244 1216 1594 1255 intercessionem
1627 1215 1777 1254 nobilis
1810 1216 1888 1254 uiri
1921 1216 2078 1254 Imme-

201 1288 366 1326 rammi.
399 1287 682 1337 Znoymensis
716 1286 937 1325 castellani
969 1285 1104 1324 libere
1143 1285 1335 1325 chensi
1367 1285 1540 1323 contulit
1572 1285 1840 1323 monasterio.
1882 1287 1924 1323 et
1956 1284 2078 1324 nobis

202 1356 355 1396 deuote
402 1355 655 1407 supplicauit
702 1356 897 1407 quatinus
948 1366 1004 1394 ex
1044 1354 1179 1394 nostri
1228 1355 1319 1393 iure
1361 1352 1483 1393 oflicii
1532 1354 1624 1391 iura
1672 1353 1905 1403 spiritualia
1944 1353 2079 1392 eidem

200 1426 454 1465 monasterio
505 1422 858 1470 confirmaremus.
922 1423 1015 1463 Nos
1062 1424 1195 1477 igitur
1235 1423 1367 1473 ipsius
1415 1423 1678 1462 deuotionem
1729 1433 1849 1474 quam
1891 1422 2079 1462 habebat

201 1495 316 1533 circa
349 1494 442 1533 loca
476 1494 685 1548 religiosa
718 1492 1059 1533 commendantes
1093 1492 1134 1531 in
1169 1490 1340 1533 Christo
1375 1492 1524 1531 donum
1565 1491 1711 1530 altaris
1745 1494 1787 1530 et
1820 1492 1954 1531 omnia
1986 1491 2079 1530 iura

200 1564 432 1615 spiritualia
475 1562 663 1602 eiusdem
705 1562 892 1602 ecclesie
931 1562 973 1601 in
1016 1562 1204 1612 primetiz
1245 1572 1335 1600 cum
1378 1561 1550 1600 decimis
1592 1564 1634 1600 et
1673 1561 1766 1599 aliis
1800 1560 2075 1611 prouentibus

169 1633 255 1672 'ad
288 1632 465 1672 eandem
499 1632 726 1672 eeclesiam
767 1631 1088 1683 pertinentibus.
1122 1631 1284 1670 domino
1322 1630 1534 1669 Floriano
1567 1629 1801 1680 supradicti
1833 1630 2075 1669 monasterii

200 1702 389 1741 lvcensis
429 1701 572 1741 abbati
614 1705 656 1740 et
695 1701 783 1740 suis
817 1700 1143 1740 successoribus
1183 1699 1237 1738 ad
1271 1701 1617 1738 sustentationem
1655 1697 1828 1738 fratrum
1861 1698 1961 1738 inibi
1995 1697 2075 1738 deo

198 1768 491 1810 famulantium.
526 1774 567 1810 et
607 1770 928 1810 subuentionem
959 1780 1199 1820 pauperum.
1240 1768 1509 1806 concedimus
1541 1768 1583 1806 in
1614 1771 1859 1818 perpetuum
1898 1770 1941 1806 et
1972 1778 2075 1818 pre-

197 1840 376 1879 sentium
409 1840 661 1879 auctoritate
695 1837 997 1878 confirmamus.
1051 1838 1164 1877 Acta
1196 1840 1293 1876 sunt
1325 1837 1405 1875 hee
1440 1848 1549 1875 anno
1582 1837 1736 1890 gracie
1768 1835 1830 1876 Μ.
1858 1833 1947 1876 CC.
1971 1836 2074 1875 XX.

199 1909 241 1948 in
281 1909 466 1960 primetiz
514 1909 557 1948 in
605 1908 673 1948 die
723 1908 1001 1948 dedicationis
1049 1907 1248 1946 ecclesie.
1312 1904 1586 1946 Pontificatus
1634 1906 1767 1945 nostri
1814 1916 1924 1944 anno
1971 1904 2072 1945 XX.

200 1989 370 2030 quoram
403 1978 582 2018 testibus
616 1978 879 2029 subscriptis,
914 1988 1085 2029 quorum
1118 1976 1283 2016 nomina
1314 1980 1411 2015 sunt
1444 1975 1537 2014 hec.

510 2077 565 2109 Ex
589 2077 784 2120 originali
808 2079 946 2109 monast.
971 2074 1119 2118 ejusdem
1144 2076 1176 2107 in
1199 2077 1366 2118 registi-at.
1391 2084 1420 2106 c.
1444 2085 1470 2106 r.
1495 2073 1664 2106 Gubernii.

200 2309 425 2362 Robertus,
459 2314 682 2363 epi-scopas
718 2311 1025 2363 Olonmcensis7
1060 2309 1282 2362 confirmat
1309 2307 1566 2349 monasterio
1598 2306 1792 2347 Luceres&
1810 2306 1890 2358 jus
1919 2308 2070 2358 patro-

483 2383 606 2418 natus
640 2379 903 2431 quarundam
936 2379 1213 2418 ecclesiarum
1246 2389 1341 2416 cum
1373 2375 1560 2415 decimis.
1632 2374 1784 2415 12:20.

330 2450 390 2511 In
417 2471 580 2509 nomine
604 2474 753 2509 sancte
781 2474 822 2509 et
847 2468 1057 2508 indiuidue
1083 2467 1291 2506 trinitatis.
1350 2467 1451 2520 Ego
1480 2465 1745 2517 R(0be1·tus]
1779 2464 2067 2505 olomucensis

203 2541 441 2591 episcopus.
496 2539 653 2579 Abbati
686 2539 738 2578 de
773 2539 893 2578 Luca
926 2542 968 2578 et
1000 2536 1200 2578 fratribus
1240 2537 1344 2576 eius.
1403 2533 1508 2576 Cum
1541 2538 1685 2574 nostre
1719 2535 1772 2573 sit
1806 2532 2067 2585 prouidentie
