2212 2876
1031 77 1130 119 115

1011 219 1150 263 CVII.

141 317 366 370 Robertus,
401 318 626 370 episcopus
660 316 968 368 olomucensis,
1003 315 1196 355 concedit
1231 314 1283 354 de
1315 326 1526 354 consensu
1557 314 1626 354 sui
1657 314 1832 366 capituli
1862 326 2012 355 mona-

215 388 343 427 sterio
383 385 705 426 Welehradensa·
737 385 923 425 decimas
955 385 1154 425 villarum
1188 383 1389 436 ejusdem.
1452 384 1559 424 Acta
1594 383 1772 423 Olomuc
1803 396 1946 423 mense

876 455 1084 506 AuyusM,
1123 452 1276 493 1220.

273 547 383 619 Cin
424 568 470 607 In
505 567 670 606 nomine
712 569 861 606 sancte
904 569 946 606 et
978 565 1190 605 indiuidue
1232 565 1427 605 trinitatis
1460 576 1594 604 amen.
1657 564 1761 619 Ego
1794 565 2014 616 Rupta-tus

142 636 211 676 dei
251 638 406 691 gracia
448 636 738 677 olomucensis
779 636 1008 686 episcopus
1050 635 1216 674 dilectis
1257 635 1298 674 in
1341 632 1513 675 Christo
1555 632 1756 673 fratribus
1797 633 1938 673 abbati
1973 636 2016 672 et

141 707 368 745 conuentui
408 706 449 744 in
504 704 733 755 Weleyrad
771 703 1074 744 Cisterciensis
1117 704 1276 744 ordinis
1311 703 1602 751 olomucensis
1645 702 1829 742 diocesis
1869 703 2015 753 inper-

140 779 323 825 petuum.
388 772 600 814 Conuenit
632 773 760 812 scribi
795 773 904 824 quod
938 784 1021 811 non
1054 773 1250 811 conuenit
1290 772 1494 811 obliuisci.
1560 772 1625 811 Ea
1658 772 1764 810 enim
1806 783 1886 823 que
1926 772 2015 811 vite

141 844 355 894 presentis
381 846 570 896 aguntur
594 842 802 881 curriculo
831 839 955 881 facile
974 842 1186 881 vacillant.
1215 842 1294 880 nisi
1317 842 1461 892 scripti
1489 841 1724 880 testimonio
1749 840 2015 880 roborentur.

141 910 248 953 Cvm
283 912 415 966 igitur
439 922 495 950 ex
528 910 651 950 oflicii
679 911 812 949 nostri
845 910 985 949 debito
1011 908 1272 950 benefacere
1297 910 1482 964 singulis
1508 914 1737 949 teneamur.
1771 910 1850 949 illis
1878 914 2016 949 tamen

145 981 377 1032 specialius
417 980 619 1019 debemus
659 991 710 1019 ac
746 980 932 1019 volumus
975 979 1200 1030 prouidere
1241 981 1308 1031 qui
1351 980 1576 1034 religionis
1616 978 1849 1030 approbate
1888 979 2017 1018 vitam

143 1053 186 1090 et
225 1049 407 1089 habitum
447 1052 544 1089 sunt
585 1047 780 1100 professi.
821 1052 863 1088 et
902 1060 977 1100 pro
1017 1052 1129 1088 statu
1170 1049 1426 1088 vniuersalis
1470 1048 1656 1088 ecclesie
1697 1047 1764 1088 die
1806 1051 2016 1099 noctuque

140 1117 302 1158 domino
338 1118 417 1158 deo
451 1118 722 1169 supplicando
756 1117 959 1156 deuocius
992 1115 1254 1157 famulantur.
1317 1118 1385 1157 Ea
1412 1122 1584 1169 propter
1616 1129 1693 1157 uos
1727 1129 1750 1156 0
1785 1115 1940 1156 fratres
1969 1116 2017 1156 111

143 1186 305 1226 domino
350 1187 606 1227 dilectissimi
647 1191 896 1226 conuentum
938 1191 1124 1226 vestrum
1166 1191 1209 1226 et
1251 1186 1408 1226 domum
1448 1191 1634 1226 vestram
1674 1187 1714 1226 in
1758 1184 2014 1240 XVelegrad

139 1258 342 1307 tamquam
385 1254 503 1295 filiam
549 1256 777 1307 specialem
817 1255 1004 1294 ecclesie
1055 1259 1200 1295 nostre
1241 1254 1533 1295 olomucensis
1581 1267 1663 1307 que
1712 1256 1843 1307 ipsius
1882 1257 2016 1294 mater

140 1335 240 1364 esse
266 1325 495 1364 dinoscitur
526 1336 577 1364 ac
605 1329 790 1376 patrona-
827 1326 998 1364 sincere
1026 1324 1262 1364 dilectionis
1295 1325 1404 1364 vlnis
1433 1325 1685 1376 propensius
1711 1324 2016 1375 amplexantes.

138 1392 339 1433 Decimas
379 1394 617 1448 integrales
661 1394 836 1432 omnium
878 1394 1066 1432 villarum
1106 1394 1147 1432 in
1189 1394 1326 1447 agris.
1366 1395 1519 1433 vineis.
1570 1393 1860 1433 aninimalibus
1902 1392 2014 1444 (810)

139 1463 232 1502 81110
257 1462 512 1513 quibuslibet
546 1460 835 1502 vsusructibus
868 1473 1117 1514 quocunque
1151 1466 1410 1501 censeantur
1435 1462 1656 1502 vocabulo.
1690 1473 1795 1514 quas
1828 1465 2016 1512 tempore

139 1542 217 1571 sue
257 1530 511 1570 suiidationis
563 1536 747 1571 vestrum
789 1532 1084 1570 monasterium
1133 1531 1395 1581 possidebat
1422 1531 1489 1571 vel
1538 1532 1578 1570 in
1628 1531 1692 1570 sui
1733 1531 2015 1570 dedicatione.

140 1610 220 1639 nec
254 1612 337 1638 11011
371 1603 413 1639 et
436 1600 692 1650 inposterum
716 1600 957 1653 largicione
984 1600 1211 1650 principum
1239 1612 1316 1639 seu
1348 1600 1562 1639 baronum.
1594 1600 1661 1640 vel
1689 1611 1765 1651 per
1796 1600 2017 1651 emptionis

138 1668 298 1707 modum
334 1672 406 1708 aut
439 1669 782 1708 commutationis.
823 1679 902 1707 nec
936 1680 1017 1708 non
1051 1668 1129 1708 sub
1162 1669 1385 1708 cuiuslibet
1417 1669 1605 1723 legitime
1639 1669 1879 1708 occasionis
1912 1679 2016 1719 pre-

145 1740 276 1776 textu.
301 1736 497 1776 remediis
518 1748 683 1789 quoque
709 1736 999 1776 decedentium
1035 1737 1076 1775 in
1105 1737 1359 1788 quibuslibet
1391 1738 1620 1788 prouinciis
1652 1742 1796 1777 nostre
1830 1737 2015 1777 diocesis

141 1807 360 1857 perpetuis
394 1806 650 1857 temporibus
683 1817 977 1857 possessurum
1012 1809 1117 1844 erat.
1151 1806 1205 1845 ad
1239 1808 1588 1846 sustentationem
1620 1811 1806 1846 vestram
1840 1806 2016 1857 amplio-

139 1886 240 1915 rem.
268 1879 311 1915 et
344 1875 396 1914 ob
429 1880 664 1914 uestrarum
691 1875 1122 1927 recompensationem
1158 1876 1388 1916 orationum
1424 1876 1557 1915 libere
1593 1879 1634 1916 et
1661 1876 1853 1916 absolute
1878 1876 2015 1916 tocius

140 1944 312 1995 capituli
347 1945 480 1983 nostri
515 1944 807 1984 olomucensis
848 1944 1031 1983 vnanimi
1065 1944 1300 1984 accedente
1343 1956 1570 1988 consensu.
1604 1945 1727 1984 vobis
1761 1947 1803 1984 et
1834 1955 2015 1984 succes-

139 2013 306 2053 soribus
326 2013 482 2053 vestris
509 2014 798 2065 inperpetuum
816 2013 1145 2053 misericorditer
1169 2024 1220 2052 ac
1237 2014 1468 2053 liberaliter
1485 2013 1676 2053 duximus
1701 2013 2015 2053 concedendas.

139 2092 313 2133 quarum
352 2082 420 2121 liic
464 2084 628 2123 nomina
670 2083 1006 2123 subscribuntur.
1046 2083 1301 2136 XVelegrad
1342 2083 1441 2122 villa
1474 2080 1660 2122 forensis
1700 2095 1791 2122 cum
1825 2082 2015 2122 omnibus

139 2151 232 2189 suis
278 2151 554 2201 appendiciis.
616 2153 814 2192 Maratiz.
855 2156 897 2192 et
928 2156 1145 2203 utrumque
1185 2152 1400 2202 Popowiz.
1441 2151 1689 2203 Kneispole.
1729 2151 2015 2204 SqualcowiZ.

137 2219 409 2259 Jerschowe.
442 2221 617 2272 'rvpicz.
643 2222 807 2261 Borsiz.
843 2219 1059 2262 Costelan.
1087 2221 1318 2260 Naconice.
1350 2221 1614 2260 Polissowiz.
1644 2221 1816 2261 I’ritluc.
1850 2220 2015 2261 XVele-

137 2289 293 2327 nowiz.
352 2289 527 2329 Babice.
585 2290 912 2330 XVesconewiz.
959 2289 1149 2330 XVezde.
1189 2288 1316 2328 Prist.
1365 2290 1595 2329 Potwariz.
1643 2290 1870 2342 Styboricz
1924 2301 2017 2329 cum

139 2357 328 2396 omnibus
379 2359 468 2397 suis
507 2359 784 2409 pertinentiis.
826 2360 867 2398 in
915 2358 1145 2410 Opauiensi
1191 2359 1409 2408 prouincia
1448 2360 1698 2398 constitutis.
1762 2360 1821 2398 Vt
1868 2359 2014 2413 igitur.

140 2425 220 2465 1100
255 2431 402 2465 1108113
437 2426 616 2467 donacio
650 2426 764 2467 firma
797 2428 850 2467 sit
883 2431 924 2467 et
957 2427 1118 2467 stabilis
1153 2438 1203 2466 ac
1238 2438 1405 2479 semper
1435 2432 1602 2468 maneat
1635 2429 1901 2467 inconcussa.
1935 2437 2016 2467 nec

139 2505 216 2546 per
247 2495 424 2548 aliquem
452 2507 747 2537 successorum
781 2502 1014 2537 nostrorum
1048 2497 1190 2536 valeat
1215 2497 1467 2549 inposterum
1501 2497 1764 2548 aliquatenus
1802 2497 2012 2536 reuocari.

1595 2563 1700 2605 15³·ss
