2212 2876
1063 79 1168 119 210

176 230 247 267 aut
279 225 438 265 tercius
471 224 563 263 sine
597 222 760 261 nunciis
793 220 1147 261 beneficiatorum.
1182 222 1217 260 si
1252 218 1497 260 interficitur
1530 221 1657 260 nichil
1697 221 1749 260 de
1784 232 1833 261 eo
1868 234 2050 274 19511011-

177 295 339 334 deatur.
381 294 451 335 'Si
492 291 616 332 fuerit
656 290 722 330 sur
763 291 874 341 apud
916 291 1095 342 aliquem
1137 290 1317 330 nobilem
1356 290 1426 328 uel
1458 289 1569 340 apud
1608 290 1786 342 aliquem
1825 292 1944 331 cuius
1985 295 2051 332 est

175 365 275 404 uilla
310 368 350 403 et
384 363 548 403 dederit
588 372 678 400 eum
713 361 844 399 curie.
888 361 1025 399 omnia
1058 360 1169 399 bona
1209 372 1285 398 sua
1327 360 1423 398 sint.
1457 362 1499 398 et
1542 359 1690 398 collum
1723 360 1814 399 91115
1854 361 1895 399 111
1928 364 2050 411 pote-

177 437 327 473 statem
355 431 553 483 principis
580 429 715 469 detur.
763 429 944 479 Insuper
977 428 1013 467 si
1046 427 1112 468 sur
1139 429 1302 480 capitur
1335 429 1375 467 in
1405 428 1544 479 aliquo
1578 428 1669 467 loco
1704 432 1746 467 et
1767 430 2050 480 suspenditur.

177 504 310 542 omnia
344 513 420 540 sua
463 499 661 551 principis
695 502 792 537 sunt
833 503 976 548 preter
1008 496 1163 552 fruges
1205 509 1287 550 que
1328 497 1465 537 adhuc
1509 500 1802 537 remanserunt
1841 499 1881 537 in
1924 510 2049 553 agro.

175 572 279 611 Item
322 569 428 621 quod
465 569 615 607 dicitur
655 567 789 606 narok
829 567 909 605 hoc
951 579 1031 606 non
1075 567 1202 606 debet
1242 578 1342 606 esse
1382 567 1460 605 nisi
1503 566 1576 606 ubi
1608 570 1774 606 constet
1813 567 1891 606 sub
1932 571 2050 607 certo

175 640 411 680 testimonio
452 650 528 677 sua
580 637 689 676 bona
731 637 938 676 amisisse.
979 637 1059 675 nisi
1110 636 1316 675 acciderit
1357 636 1398 675 in
1438 636 1545 675 silua
1585 636 1654 675 uel
1694 637 1735 675 in
1778 636 1914 687 aliquo
1957 636 2050 675 loeo

176 712 346 748 secreto
389 708 457 747 uel
504 707 628 746 alicui
667 706 819 756 hospiti
863 709 904 745 et
953 710 1175 757 antequam
1215 705 1454 744 admittatur
1503 705 1631 744 debet
1675 703 1879 744 notificari
1919 706 2050 744 curie.

176 789 345 829 quorum
394 778 573 815 interest
612 775 776 814 scilieet
828 775 965 813 iudici.
1013 775 1244 814 castellano
1294 786 1384 814 90111
1431 775 1603 814 9919115.
1669 773 1846 823 Quando
1899 775 2051 827 aliquis

175 858 337 898 pauper
370 847 484 885 ’1191111
517 845 570 889 (19
605 846 772 896 propria
809 856 855 883 re
889 845 1188 896 conquerendo
1223 845 1385 895 pallium
1419 845 1499 884 sibi
1533 844 1770 883 nullatenus
1804 845 2051 894 deponatur.

175 916 326 955 Nullus
361 915 442 954 zok
476 916 652 966 aliquem
688 918 863 952 accuset
896 915 976 952 nisi
1010 918 1126 953 certo
1161 914 1239 953 51111
1266 914 1501 953 testimonio
1536 914 1766 953 uicinorum
1800 917 1966 953 constet
1999 913 2051 954 dc

177 986 369 1036 dampno.
419 988 461 1023 et
509 984 545 1023 si
587 981 712 1022 suerit
759 982 838 1022 zok
880 983 1098 1021 conuictus
1149 984 1383 1022 testimonio
1433 981 1508 1022 sori
1560 983 1783 1022 communis
1831 983 2050 1034 lapidetur.

175 1054 354 1104 Quando
396 1054 546 1104 aliquis
582 1052 775 1091 iudicium
819 1063 928 1103 aque
963 1051 1090 1091 (191191
1131 1053 1280 1092 5011119
1309 1053 1446 1091 nullus
1490 1063 1580 1091 eum
1614 1052 1653 1091 in
1696 1064 1844 1103 aquam
1879 1052 2052 1092 dimittat

177 1124 256 1163 nisi
290 1123 495 1161 sacerdos
524 1126 564 1161 et
598 1122 689 1162 eius
715 1125 978 1171 cooperator.
1013 1122 1048 1159 si
1083 1121 1187 1161 deus
1215 1122 1367 1161 iuuerit
1400 1133 1491 1162 eum
1524 1121 1650 1160 iudici
1683 1121 1754 1161 det
1778 1121 1882 1160 duos
1916 1122 2051 1161 dena-

176 1194 263 1232 rios
298 1196 339 1231 et
372 1191 585 1231 sacerdoti
620 1191 761 1229 xllll.
785 1188 832 1228 'si
865 1190 1089 1229 nudauerit
1120 1201 1169 1230 se
1203 1194 1245 1230 et
1284 1190 1478 1230 iudicium
1511 1191 1691 1230 noluerit
1724 1191 1881 1230 subire.
1915 1191 2052 1230 soluat

177 1262 410 1313 capellano.
452 1261 548 1299 vll.
599 1260 798 1299 denarios
848 1263 890 1298 et
930 1260 1071 1299 uetule
1122 1259 1241 1300 duos.
1305 1260 1353 1302 Si
1394 1260 1542 1311 aliquis
1585 1260 1736 1299 nobilis
1783 1261 1848 1299 uir
1888 1264 1929 1300 et
1968 1272 2052 1300 non

178 1332 310 1371 druho
345 1342 474 1382 super
516 1336 565 1369 s'e
599 1329 796 1369 habuerit
835 1329 982 1368 narok.
1017 1340 1122 1380 puer
1162 1341 1235 1381 pro
1270 1330 1546 1381 ipso-subeat
1585 1329 1790 1368 iudicium.
1825 1334 1866 1368 et
1899 1330 1934 1368 si
1968 1341 2051 1369 non

158 1399 302 1441 fuerit
334 1400 498 1440 adiutus
532 1400 668 1439 soluat
709 1411 783 1450 pro
825 1410 879 1438 eo
921 1397 1022 1439 GC.
1058 1399 1270 1438 denarios.
1335 1398 1513 1447 Quando
1557 1398 1720 1438 ducitur
1760 1399 1866 1450 quod
1903 1399 2051 1438 dicitur

174 1471 282 1510 zuod
327 1470 454 1509 debet
492 1469 649 1508 adesse
699 1468 919 1508 castellani
963 1469 1153 1507 nuncius.
1202 1468 1366 1507 iudicis.
1408 1472 1449 1507 et
1483 1468 1621 1507 uillici.
1657 1471 1698 1507 91
1738 1469 1970 1507 camerarii.
2010 1472 2051 1507 et

180 1551 288 1580 uuus
338 1539 407 1578 uel
456 1538 536 1578 duo
579 1538 631 1577 de
673 1538 856 1577 uicinatu
901 1538 967 1577 1110
1011 1542 1052 1577 91
1099 1538 1206 1577 ultra
1248 1542 1337 1576 tres
1378 1549 1461 1576 non
1502 1537 1679 1576 (10911101
1716 1537 1791 1576 sed
1834 1538 1875 1576 in
1919 1537 2051 1577 tercio

179 1613 406 1650 remaneat.
447 1612 489 1647 et
521 1609 557 1647 si
591 1610 811 1648 conuictus
852 1606 990 1647 suerit.
1025 1606 1129 1648 GC.
1171 1608 1208 1646 in
1244 1618 1449 1646 cameram
1490 1608 1614 1660 regis
1656 1606 1806 1646 reddat
1839 1607 2050 1646 denarios.

179 1684 221 1719 et
253 1679 309 1718 illi
343 1679 411 1730 qui
453 1678 603 1717 dicitur
636 1677 789 1729 powod
832 1675 1080 1716 satisfaciat.
1143 1676 1287 1728 Siquis
1329 1688 1474 1728 equos.
1509 1688 1654 1728 equas.
1695 1676 1764 1715 uel
1797 1676 1944 1715 boues.
1983 1676 2053 1716 uel

176 1759 348 1788 uaccas.
381 1746 450 1786 uel
484 1747 621 1798 aliqua
653 1747 810 1785 maiora
843 1747 1119 1785 subtraxerit.
1145 1747 1356 1798 quantitas
1383 1746 1545 1797 dampni
1575 1746 1790 1785 estimetur
1822 1745 1900 1785 sub
1933 1748 2053 1785 certa

177 1816 256 1857 fide
290 1821 332 1858 et
364 1819 632 1855 sacramento
667 1827 809 1855 eorum
843 1815 992 1869 quibus
1026 1815 1240 1854 iurisdicio
1275 1818 1342 1854 est
1375 1816 1606 1854 commissa.
1641 1818 1683 1854 91
1707 1814 1936 1861 secundum
1970 1814 2050 1853 hoc

176 1890 453 1926 accusatores
496 1885 776 1926 admittantur.
840 1885 943 1923 Item
983 1882 1099 1923 sures
1132 1896 1224 1925 cum
1264 1885 1392 1923 sociis
1427 1888 1469 1923 et
1513 1882 1745 1923 fautoribus
1785 1894 1927 1922 eorum
1960 1884 2053 1934 pari

179 1967 286 2008 pena
320 1955 555 2006 puniantur.
619 1954 668 1995 Si
708 1954 1036 1993 substrahuntur
1068 1953 1207 2005 alique
1250 1964 1322 1992 res
1357 1953 1521 2005 pallium
1562 1956 1633 1992 aut
1665 1952 1818 2005 aliquid
1852 1952 1937 1992 tale
1969 1952 2052 1992 hoc

179 2027 295 2064 curie
329 2036 410 2063 non
444 2022 693 2064 notificetur.
727 2023 804 2063 sed
839 2024 874 2062 si
908 2023 984 2063 bos
1016 2023 1083 2062 uel
1107 2023 1326 2062 iumentum
1360 2022 1621 2062 subtrahitur
1654 2022 1771 2061 curie
1804 2020 2052 2062 notificetur.

180 2095 234 2133 Et
266 2093 430 2145 quando
470 2094 621 2145 aliquis
661 2093 908 2134 uulneratur
942 2092 994 2132 (19
1033 2091 1123 2132 soro
1155 2091 1365 2132 ueniendo
1404 2092 1474 2131 uel
1517 2091 1613 2131 alibi
1655 2089 1889 2131 notificetur
1922 2091 2051 2130 curie.

180 2164 280 2202 ltem
323 2162 487 2214 quando
528 2163 679 2214 aliquis
714 2162 865 2202 nobilis
906 2163 1069 2213 capitur
1108 2162 1148 2200 in
1182 2159 1289 2200 furto
1332 2164 1373 2200 et
1406 2161 1678 2211 suspenditur
1717 2164 1759 2200 et
1801 2173 1883 2200 non
1923 2160 2052 2200 habet

179 2232 335 2284 prolem
370 2232 587 2271 hereditas
621 2233 753 2282 ipsius
787 2232 887 2285 regi
921 2231 1058 2270 cedat.
1092 2235 1135 2270 et
1166 2232 1202 2270 si
1236 2231 1385 2281 aliquis
1420 2231 1583 2281 eapitur
1616 2231 1654 2269 in
1689 2228 1909 2269 manifesto
1943 2227 2050 2268 furto

179 2313 287 2340 uxor
328 2301 419 2339 eius
462 2300 618 2340 habeat
659 2301 831 2340 terciam
865 2306 1036 2352 partem.
1102 2298 1360 2351 Quicumque
1403 2300 1564 2338 nobilis.
1608 2300 1675 2340 091
1717 2301 1898 2338 rusticus
1934 2298 2050 2338 0991-

180 2370 289 2410 (19111
323 2370 513 2421 aliquem.
549 2368 652 2410 GC.
688 2370 886 2411 (1911111105
920 2370 1056 2409 soluat
1089 2370 1219 2409 curie.
1254 2374 1294 2407 et
1328 2369 1433 2407 alias
1474 2369 1647 2408 recedat
1684 2374 1726 2408 et
1759 2372 1907 2419 querat
1940 2379 2050 2421 gra-

180 2441 273 2479 tiam
324 2443 365 2478 et
407 2451 513 2478 uxor
559 2451 636 2478 sua
684 2440 722 2477 in
766 2450 873 2489 pace
913 2439 1063 2478 sedeat
1104 2442 1145 2478 91
1186 2438 1429 2488 indempnis.
1495 2438 1541 2476 Si
1592 2438 1684 2488 quis
1733 2449 1814 2476 non
1857 2437 2050 2475 habuerit

180 2507 299 2550 filium
341 2509 409 2548 091
443 2507 546 2547 111105
588 2513 628 2548 91
662 2508 856 2548 hahuerit
895 2506 999 2549 filias
1034 2507 1087 2550 ad
1129 2508 1220 2548 illas
1254 2508 1451 2547 deueuiat
1493 2507 1708 2546 hereditas
1752 2506 1967 2557 equaliter.
2010 2510 2051 2545 et
