2212 2876
985 117 1192 178 -ᾼὴ358

207 263 365 301 vestra.
394 260 502 313 quod
527 259 740 300 accedens
766 259 819 299 ad
844 271 921 299 nos
947 259 1097 300 nobilis
1123 260 1320 300 Matrona
1348 261 1511 301 domina
1534 261 1792 316 Margareta
1819 274 1907 303 cum
1931 264 2077 304 liberis

207 328 274 369 filii
307 331 369 369 sui
403 330 566 369 scilicet
597 328 833 369 Hartlilebi.
866 328 1061 369 'l'omasio
1094 330 1306 370 videlicet.
1340 330 1550 370 Ecbardo.
1580 335 1621 370 et
1649 331 1856 372 Arthlebo
1889 334 2076 385 suplica-

206 400 263 439 uit
296 400 417 438 nobis
450 399 654 438 humiliter
689 402 729 437 et
763 397 931 438 deuote.
966 399 1160 450 quatinus
1192 400 1456 439 Monasterio
1491 401 1531 440 in
1568 399 1700 440 Oslaa
1733 400 2073 442 confirmaremus

207 469 270 507 ius
304 473 547 519 patronatus
580 469 620 507 in
654 467 853 507 Ecclesia
887 469 1023 507 sancta·
1058 469 1179 508 Petri
1210 470 1255 508 in
1287 469 1525 520 Myroslau.
1560 473 1601 508 et
1634 469 1768 509 eidem
1811 470 2076 511 Monasterio

205 537 435 589 spiritualia
468 548 559 576 cum
592 538 698 576 omni
733 537 822 576 iure
848 536 901 576 de
926 537 1114 588 predicta
1148 538 1332 577 ecclesia
1366 538 1709 578 concederemus.
1744 538 1850 590 quod
1887 551 1961 590 pro
1996 539 2075 579 de-

205 607 396 646 uocione.
429 610 470 645 et
503 606 770 645 oracionibus
805 605 1055 645 dominarum
1091 607 1142 646 de
1169 607 1286 646 oslaa
1320 607 1499 647 libenter
1532 605 1716 647 fecimus.
1751 608 1933 648 decimas
1967 608 2076 648 dua-

205 688 292 714 rum
324 676 513 715 villarum
544 675 798 715 &Volchers
833 679 875 714 et
908 675 1112 727 podolice.
1152 676 1366 728 plenarias
1399 688 1527 728 supra
1560 677 1769 717 nominato
1809 676 2074 718 Monasterio

204 744 391 783 similiter
424 743 730 784 confirmantes.
772 743 927 784 Omnes
961 749 1096 785 autem
1131 746 1198 798 qui
1231 745 1341 785 hanc
1374 750 1558 785 nostram
1592 745 1963 786 confirmacionem.
1996 757 2075 786 seu

205 814 334 865 ipsam
374 814 611 853 Ecclesiam
645 817 716 853 aut
749 814 840 853 eius
874 813 1022 854 dotem.
1061 815 1130 855 uel
1169 815 1379 854 ministros
1419 827 1525 854 ausu
1563 815 1788 855 temerario
1828 816 2074 856 inuaserint.

203 884 620 922 excommunicamus.
654 886 696 921 et
729 882 997 933 dampnamus
1030 885 1146 935 ipsos
1179 884 1398 924 tradentes
1438 883 1632 925 Satliane
1664 885 1705 923 ln
1738 885 1958 924 interitum.
1993 885 2071 924 nisi

203 951 404 991 redierint
437 951 488 990 ad
517 952 795 1003 penitenciam
821 955 863 991 et
888 952 1066 992 debitam
1101 951 1443 993 satisfactionem.
1497 953 1648 993 Datum
1676 956 1717 993 in
1743 953 2071 1004 Zabyrdowice.

201 1020 319 1061 vlll.
352 1021 583 1060 Kalendas.
617 1020 894 1072 Septembris.
933 1020 1214 1065 Pontificatus
1238 1023 1368 1072 nostri
1401 1015 1535 1062 Anno
1561 1022 1706 1083 XXX.
1740 1023 1877 1062 Nono.

511 1120 565 1152 Ex
589 1121 782 1162 originali
807 1122 838 1152 in
861 1121 998 1153 archivo
1024 1120 1174 1163 ejusdem
1197 1123 1398 1155 monasterii.

1037 1296 1232 1342 CCCIX.

197 1390 432 1432 P5·z·bz·slaw
471 1391 524 1432 de
561 1389 816 1448 Kfji-anow,
856 1394 1112 1435 castellanus
1150 1395 1410 1446 B1·unensz·s‚
1456 1406 1550 1434 cum
1589 1392 1756 1445 Sibylla
1807 1405 1949 1438 umore
1987 1406 2066 1433 sua

198 1462 365 1515 confert
394 1461 594 1515 hospitali
631 1476 666 1502 s.
698 1462 891 1516 Spiritus
931 1464 1111 1504 Brunae
1144 1463 1365 1503 ecclesiam
1398 1464 1443 1503 in
1476 1460 1717 1516 Kiji-(mow
1750 1475 1845 1503 cum
1878 1463 2065 1502 decimis.

524 1533 684 1573 Datum
715 1534 908 1586 Brumae,
940 1533 1030 1573 III.
1062 1533 1287 1573 Kalendas
1320 1533 1540 1585 dauwurtz)
1587 1532 1739 1572 1239.

324 1623 584 1685 Pribizlaus
617 1644 767 1685 nobilis
806 1646 874 1685 vir
913 1644 966 1685 de
1000 1642 1238 1686 Crisanoue
1279 1648 1321 1684 et
1360 1645 1618 1684 castellanus
1662 1643 1927 1683 Brunnensis
1970 1644 2066 1683 vni-

191 1712 332 1752 uersis
367 1709 525 1754 Christi
559 1711 750 1753 fidelibus
782 1714 893 1754 hanc
917 1715 1119 1769 paginam
1142 1715 1396 1765 inspecturis
1421 1714 1597 1754 salutem
1624 1715 1664 1753 in
1691 1713 1865 1752 domino.
1909 1713 2064 1753 Diuine

193 1782 478 1834 inspirationis
512 1787 649 1822 votum
683 1781 850 1823 differre
882 1795 965 1823 non
992 1783 1118 1825 debet
1149 1783 1336 1838 effectus7
1363 1795 1418 1824 ne
1451 1787 1600 1823 sancto
1624 1786 1830 1834 pereunte
1852 1782 2065 1834 proposito

193 1854 405 1901 speratum
438 1862 603 1903 quoque
637 1854 832 1904 premium
865 1853 1150 1892 subtrabatur.
1206 1852 1362 1892 Diuine
1395 1853 1682 1903 inspirationis
1716 1853 1858 1906 gratia
1892 1851 2064 1890 accensi

191 1919 244 1958 (le
276 1932 489 1961 consensu
522 1922 721 1976 coniugis
755 1923 1009 1962 matrimonio
1042 1923 1163 1962 nobis
1197 1922 1391 1973 copulate
1424 1921 1572 1962 Sibille
1598 1922 1762 1960 nomine
1804 1924 2064 1960 nostrorum-

194 1999 274 2040 que
307 2001 518 2030 consensu
552 2003 627 2042 pro
661 1991 846 2031 remedi0
879 1992 1013 2032 anime
1046 1995 1191 2031 nostre
1224 1994 1544 2043 nostrorumque
1577 1990 1831 2042 presentium
1871 1993 1913 2029 et
1951 1987 2064 2029 futu-

193 2070 331 2097 rorum
365 2063 407 2098 et
439 2062 481 2098 ut
515 2061 725 2111 presentis
757 2062 842 2100 uite
875 2065 985 2100 statu
1019 2072 1110 2099 cum
1143 2060 1421 2100 incolumitate
1464 2059 1585 2098 nobis
1626 2059 1865 2110 nostrisque
1906 2056 2064 2109 perfrui

195 2128 337 2181 gratia
372 2127 510 2167 diuina
545 2129 764 2183 concedat7
798 2129 849 2168 ad
884 2129 1230 2169 sustentationem
1265 2140 1491 2180 pauperum
1524 2132 1566 2168 et
1599 2128 1904 2167 recreationem
1946 2125 2063 2166 intir-

194 2207 347 2235 morum
380 2196 433 2235 ad
474 2196 681 2249 hospitale
723 2199 859 2238 sancta·
895 2197 1087 2251 Spiritus
1127 2199 1171 2237 in
1211 2198 1409 2250 Bruma,
1449 2197 1556 2249 quod
1607 2209 1632 2236 a
1673 2197 1846 2249 quodam
1888 2195 2062 2247 prouido

195 2265 284 2304 uiro
323 2265 515 2306 Rudle‘no
563 2266 742 2319 nomine,
790 2266 883 2306 ciue
929 2268 1167 2306 Brunnensi
1217 2267 1268 2307 de
1320 2278 1532 2306 consensu
1581 2265 1841 2305 uenerabilis
1885 2265 2063 2317 Ruperti

196 2332 487 2373 olomucensis
520 2335 704 2385 episcopi
740 2339 780 2375 et
813 2336 982 2386 capituli
1016 2337 1079 2375 sui
1114 2340 1155 2375 et
1188 2336 1366 2390 gloriosi
1402 2336 1527 2389 regis
1558 2335 1760 2375 Boliemie
1803 2333 2061 2373 VVencezlai

196 2406 477 2442 constructum
511 2407 589 2457 est,
623 2403 810 2443 redditus
844 2405 964 2444 nobis
998 2406 1205 2444 annuatim
1232 2404 1457 2444 soluendus
1481 2404 1613 2443 eidem
1638 2402 1880 2454 supradicto
1914 2401 2062 2453 hospi-

193 2471 264 2510 tali
297 2477 501 2523 perpetuo
535 2473 625 2511 iure
658 2471 907 2512 conserimus
942 2473 1240 2513 exsoluendos.
1294 2474 1442 2512 Forma
1475 2476 1611 2512 autem
1644 2476 1790 2511 nostre
1822 2470 2060 2510 donationis

196 2539 275 2578 hec
309 2545 394 2580 est:
431 2541 665 2580 Ecclesiam
701 2542 739 2580 in
774 2543 1021 2581 [fras-anone
1055 2543 1187 2582 eidem
1228 2542 1470 2593 supradicto
1506 2541 1698 2592 hospitali
1734 2544 1935 2591 perpetuo
1968 2539 2061 2578 iure
