2212 2876
1026 66 1089 126 43

963 209 1176 249 XXXHI.

132 303 403 343 Innocentius
434 315 548 355 papa
588 303 675 342 III.
716 303 938 356 confirmat
975 303 1134 348 literas,
1177 303 1325 355 quibus
1358 302 1575 356 P7·emysl‚
1616 318 1701 344 rm·
1732 305 2007 360 Boemorum,

133 373 338 412 ecclesiae
371 372 667 416 Olomucensis
701 371 910 411 libertates
953 376 993 411 e!
1029 375 1307 412 inmunitate-s·
1341 374 1535 422 adauoeil,
1574 375 1846 427 redditusque
1875 389 2006 429 prae-

257 442 475 494 positurae
506 443 754 493 assistat-it.
820 442 979 481 Datum
1012 444 1177 483 Romae
1217 443 1288 482 l'l.
1322 443 1428 482 Idus
1461 444 1682 495 ‚lanum-ii,
1724 444 1879 486 1207.

262 543 547 603 Innocentius
587 563 815 613 episcopus
855 573 1007 601 seruus
1048 573 1265 601 seruorum
1306 563 1402 602 Dei.
1468 564 1720 603 Venerabili
1753 563 1874 605 fratri
1908 595 1917 605 .
1952 595 1962 605 .
1996 595 2007 605 .

133 632 333 683 episcopo
368 635 409 670 et
442 631 605 670 dilectis
640 630 731 670 liliis
764 631 944 681 capitulo
972 631 1256 671 Olommvnswf.
1290 633 1465 672 salutem
1493 638 1534 672 et
1567 635 1837 684 apostolicam
1872 635 2008 675 bene—

133 699 366 739 dictionem.
430 701 567 740 Justis
615 701 839 750 petentium
888 700 1111 738 desideriis
1162 701 1335 753 dignum
1379 707 1445 740 est
1496 714 1572 741 nos
1611 702 1771 742 facilem
1823 705 2006 755 prebere

133 780 396 809 consensum.
423 772 466 808 et
488 774 586 808 uota
610 780 691 820 que
716 781 739 807 a
768 770 944 807 rationis
970 771 1131 808 tramite
1163 782 1243 808 non
1276 771 1520 810 discordant
1545 771 1694 811 ellectu
1723 778 2008 825 prosequente

133 838 358 888 complere.
423 838 487 877 Ea
528 842 701 889 propter
739 838 998 876 venerabilis
1043 839 1081 876 in
1117 838 1289 878 Flu-isto
1332 844 1466 890 pater.
1501 845 1543 879 et
1582 841 1722 880 dilecti
1767 843 1806 880 in
1841 843 2004 882 domino

134 904 214 946 filii.
249 907 404 946 uestris
439 907 559 945 iustis
593 906 941 957 postulationibus
984 912 1153 959 gratnm
1190 910 1474 958 impertientes
1518 921 1754 949 assensum.
1789 911 2009 951 libertates

133 980 174 1015 et
208 977 480 1015 immunitates
506 977 692 1015 ecclesie
726 980 869 1014 uestro
903 982 941 1014 et
975 977 1160 1015 eiusdem
1196 977 1428 1016 hominibus
1462 991 1484 1017 a
1515 978 1735 1029 karissimo
1771 980 1808 1018 in
1835 979 2008 1020 Christo

131 1044 215 1084 filio
248 1046 295 1084 Ρ.
330 1046 576 1084 Boemorum
611 1056 723 1098 rege
759 1045 903 1083 illustri
945 1056 1193 1084 concessas,
1228 1046 1522 1085 cancellariam
1565 1058 1730 1099 quoque
1766 1049 1930 1102 regiam
1965 1053 2008 1089 et

131 1114 237 1153 alios
279 1114 468 1153 redditus
507 1115 774 1165 prepositure
809 1114 1128 1153 Olomonccnsis
1163 1115 1348 1154 ecclesie
1387 1117 1638 1169 assignatos
1673 1117 1726 1156 ab
1761 1118 1865 1167 ipso.
1899 1105 2008 1157 sicut

130 1184 239 1222 iuste
274 1187 316 1222 et
339 1181 514 1234 pacifice
548 1183 774 1234 possidetis
800 1188 841 1221 et
875 1184 913 1221 in
942 1184 1129 1222 eiusdem
1162 1185 1284 1237 regis
1312 1185 1537 1238 priuilegio
1564 1186 1727 1236 plenius
1755 1187 2004 1225 continetur.

131 1252 252 1292 uobis
303 1256 344 1291 et
384 1263 461 1303 per
505 1264 583 1291 uos
632 1252 818 1291 ecclesie
867 1257 1011 1291 nostre
1053 1255 1304 1292 auctoritate
1344 1255 1578 1304 apostolica
1618 1254 1918 1295 confirmamus,
1963 1259 2006 1296 et

133 1322 344 1372 presentis
385 1322 529 1372 scripti
572 1323 804 1372 patrocinio
853 1323 1156 1361 communimus.
1220 1323 1287 1362 Ad
1329 1325 1523 1362 maiorem
1575 1328 1712 1363 autem
1755 1325 2006 1363 euidentiam

132 1391 399 1444 priuilegium
435 1392 563 1442 ipsum
598 1391 650 1430 de
684 1391 816 1429 uerbo
851 1391 901 1429 ad
937 1391 1109 1430 uerbum
1154 1392 1248 1430 huic
1284 1397 1428 1431 nostre
1463 1393 1625 1446 pagine
1660 1394 1853 1432 duximus
1888 1394 2006 1432 inse-

132 1459 316 1498 rendum.
382 1459 429 1500 C.
464 1460 517 1498 In
548 1461 716 1498 nomine
755 1463 898 1498 sancto
931 1463 969 1498 el
1007 1460 1227 1499 indiuidua
1278 1462 1491 1500 trinitatis.
1555 1462 1655 1512 Eyo
1702 1463 1896 1501 Premis!
1934 1465 2007 1501 etc.

133 1529 271 1579 (Vide
317 1541 356 1567 n.
399 1529 590 1578 xxxi.)
662 1529 772 1567 Nulli
829 1540 939 1581 ergo
1001 1529 1164 1567 omnino
1213 1529 1416 1568 hominum
1467 1531 1591 1569 liceat
1647 1531 1756 1569 lianc
1804 1532 2006 1585 paginam

132 1601 278 1636 nostre
312 1595 636 1636 confirmationis
672 1596 923 1651 infringere.
958 1597 1025 1635 uel
1060 1598 1096 1635 ei
1132 1610 1235 1636 ausu
1277 1599 1499 1637 temerario
1534 1600 1758 1637 contraire.
1822 1600 1869 1640 Si
1913 1601 2006 1651 quis

131 1670 266 1705 autem
301 1666 381 1704 hoc
415 1670 664 1717 attemptare
700 1668 1014 1717 presumpserit.
1040 1667 1371 1719 indignationem
1407 1669 1697 1718 omnipotentis
1722 1668 1788 1706 dei
1824 1672 1865 1707 et
1898 1669 2005 1708 bea-

131 1738 264 1774 torum
310 1734 425 1774 Petri
468 1739 508 1774 et
557 1735 675 1774 Pauli
718 1735 997 1785 apostolorum
1046 1737 1150 1775 eins.
1201 1747 1250 1774 se
1303 1737 1467 1775 nouerit
1516 1738 1789 1776 incursurum.
1852 1737 2005 1777 Datum

132 1804 264 1843 Rome
290 1803 399 1855 apud
425 1793 614 1843 sanctuni
640 1804 810 1843 Petrum
838 1805 913 1843 VI.
941 1804 1041 1844 ldus
1066 1805 1259 1844 Januarii
1287 1804 1560 1845 Pontificatus
1587 1807 1717 1845 nostri
1744 1818 1853 1845 anno
1880 1818 2002 1846 nono.

442 1895 496 1926 Ex
520 1896 711 1935 originali
758 1896 865 1926 mutilo
891 1897 920 1926 in
945 1895 1081 1926 archivo
1113 1896 1283 1937 capituli
1315 1894 1615 1928 Olomuceusis.
1652 1896 1947 1938 Apographum
1970 1899 2002 1929 in

546 1946 662 1978 codice
687 1947 790 1978 chart.
817 1947 842 1978 Ι.
867 1947 888 1978 1“.
918 1947 1004 1978 154.

962 2097 1176 2137 XXXIV.

132 2191 402 2230 Innocentius
426 2204 540 2243 papa
567 2192 652 2232 III.
686 2194 792 2231 inter
815 2193 924 2232 alios
951 2192 1271 2232 olomucensem
1304 2193 1547 2244 episcopum
1573 2192 1769 2243 desi-qna!
1798 2193 2001 2233 arbitrum

124 2255 174 2299 'in
208 2260 278 2298 lite
310 2261 417 2299 inter
449 2262 749 2301 monasterium
782 2261 835 2300 de
869 2260 982 2301 Osek
1022 2265 1060 2300 e!
1089 2260 1267 2300 nobilem
1300 2261 1482 2312 Mjlltost
1512 2262 1774 2314 diffinienda.
1839 2263 1999 2303 Datum

687 2329 859 2370 Velm-bia·
898 2328 944 2370 V.
978 2329 1084 2369 Idas
1117 2330 1256 2381 Annii,
1298 2329 1448 2371 1207.

259 2398 542 2460 Innocentius
574 2421 801 2471 episcopus
834 2432 987 2460 seruus
1021 2432 1239 2460 seruorum
1272 2420 1368 2460 Dei.
1433 2421 1764 2461 Venerabilibus
1799 2419 1998 2461 fratribus

133 2516 141 2524 .
161 2517 169 2525 .
191 2487 407 2542 Pragensi
433 2492 474 2527 et
493 2517 502 2526 .
522 2518 531 2526 .
552 2487 825 2529 Olomucensi
849 2490 1076 2542 episcopis7
1105 2495 1147 2529 et
1166 2489 1318 2529 dilecto
1342 2488 1422 2529 filio
1448 2491 1661 2540 preposito
1688 2490 1740 2529 de
1756 2491 1998 2530 Lutlnneriz

1654 2558 1683 2597 6
