2212 2876
1020 103 1129 143 260

138 253 440 295 rationabiliter
467 249 686 303 possident
710 246 788 287 sub
813 245 1046 298 apostolice
1071 244 1187 284 sedis
1219 243 1481 295 protectione
1507 243 1792 293 receperimus
1815 241 2005 295 speciali,

136 323 376 378 mandamus
411 311 616 373 quatenus
650 329 726 357 eos
760 319 908 355 contra
942 313 1173 354 huiusmodi
1212 312 1486 364 protectionis
1519 314 1664 351 nostre
1702 314 1890 351 tenorem
1924 321 2007 350 non

139 392 382 445 permittatis
416 390 468 430 ab
502 387 708 439 aliquibus
742 385 927 425 indebite
961 383 1186 436 molestari,
1225 381 1517 421 molestatores
1558 379 1791 419 huiusmodi
1823 379 2007 418 auctori-

137 467 224 502 tate
242 465 415 517 v*nostra
454 457 708 509 apellatione
755 454 990 506 postposita
1033 450 1355 502 compescendo.
1420 448 1582 498 Quodsi
1629 460 1713 488 non
1759 458 1903 487 omnes
1942 447 2007 487 his

138 519 401 582 exequendis
441 513 660 579 potueritis
708 524 937 576 interesse7
980 522 1059 560 duo
1106 524 1292 559 vestrum
1335 530 1388 558 ea
1428 517 1690 557 nihilominus
1731 519 2007 568 exequantur.

141 598 419 643 Presentibus
453 598 548 647 post
581 593 903 647 quinquennium
936 591 1097 630 minime
1130 589 1334 629 valituris.
1398 587 1553 627 Datum
1583 586 1789 626 Laterani
1822 585 1878 625 X.
1911 585 2007 625 Kal.

137 668 344 721 Januarii7
378 663 643 718 pontificatus
677 661 809 702 nostri
844 671 952 700 anno
987 660 1176 710 septimo.

450 756 505 789 Ex
538 753 798 796 autographo
842 752 1026 793 Regesto
1054 749 1250 792 Gregorii
1277 757 1387 790 papae
1419 748 1482 780 IX.
1513 748 1588 779 anni
1616 747 1695 780 vn.
1726 747 1823 789 epist.
1855 744 1947 779 407.
1979 747 2009 777 in

557 806 796 838 Tabulariis
826 804 1052 836 Vaticanis.

916 951 1250 994 ccxxxvlll.

141 1054 355 1107 premysl,
389 1051 581 1092 marchio
595 1033 846 1099 'Morariaffi
878 1049 1125 1088 monasteria·
1146 1042 1473 1098 Litomyglensz's
1502 1044 1799 1096 possessiones
1834 1044 1878 1083 in
1910 1045 2012 1085 Mo-

140 1125 262 1164 racia
307 1123 358 1162 ab
399 1121 590 1162 omnibus
637 1118 834 1159 oneribus
877 1121 916 1156 et
955 1115 1249 1156 exactionibus
1296 1115 1457 1165 effluit.
1497 1114 1615 1165 eique
1651 1114 1729 1165 joes
1763 1115 2013 1165 patronams

187 1193 391 1232 eeclesiae
423 1192 466 1230 in
507 1189 748 1229 {Vanowicc
780 1187 955 1240 confert.
1005 1187 1078 1225 Dt.
1115 1185 1339 1236 Olomucie',
1379 1183 1452 1224 VJ.
1486 1182 1712 1223 Kalendas
1745 1182 1964 1233 damno-ii,

273 1331 334 1393 In
381 1350 544 1389 nomine
592 1348 741 1388 domini
792 1346 923 1387 nostri
972 1345 1094 1385 hiesu
1134 1344 1264 1384 cristi.
1313 1353 1446 1382 amen.
1509 1341 1689 1381 Premilz
1737 1341 2014 1381 miseracione

145 1421 284 1461 diuina
315 1419 498 1459 marchio
539 1418 736 1457 Morauie
768 1416 1021 1456 monasterio
1055 1413 1182 1454 beate
1215 1413 1356 1453 Marie
1389 1412 1572 1465 uirginis
1606 1411 1646 1450 in
1679 1411 1894 1451 Lutomz'sl
1924 1408 2015 1450 fra-

143 1491 360 1542 tribusque
394 1489 473 1528 deo
507 1486 798 1527 famulantibus
833 1485 982 1525 ibidem
1014 1485 1056 1523 in
1089 1486 1347 1535 perpetuum.
1411 1478 1512 1521 Cum
1546 1481 1675 1531 primo
1709 1480 1801 1519 loco
1835 1490 2017 1534 regnum

145 1560 213 1600 dei
240 1570 421 1612 querere
447 1558 688 1597 debeamus.
716 1559 761 1595 ut
786 1555 986 1595 bonorum
1012 1553 1304 1604 multiplicetur
1331 1550 1524 1590 adiectio.
1551 1549 1747 1589 sollerter
1773 1552 1814 1588 et
1837 1560 2016 1589 summo-

147 1640 249 1682 pere
276 1627 580 1681 inuigilandum
613 1629 679 1665 est
705 1625 903 1676 operibus
937 1623 1139 1662 caritatis.
1162 1625 1207 1660 ut
1239 1632 1315 1672 pro
1350 1618 1632 1671 conparandis
1656 1618 1942 1669 spiritualibus
1976 1619 2017 1657 in

146 1699 238 1750 pios
270 1709 374 1737 usus
408 1700 450 1735 et
482 1697 615 1735 iustas
650 1706 805 1733 causas
837 1693 948 1732 bona
981 1691 1225 1742 temporalia
1260 1692 1566 1729 conuertamus.
1616 1688 1844 1726 Vniuersis
1878 1687 2018 1739 itaque

149 1767 360 1807 modernis
393 1776 443 1805 ac
477 1764 659 1816 posteris
685 1763 830 1813 scripti
854 1761 975 1800 huius
1004 1761 1150 1811 apices
1172 1759 1427 1811 inspecturis
1453 1757 1716 1809 presencium
1752 1755 2018 1796 exhibicione

150 1836 376 1876 clarescat.
412 1834 604 1886 quoniam
645 1831 868 1872 ecclesiam
902 1833 1049 1869 sancte
1083 1829 1222 1869 Marie
1255 1827 1455 1867 Lutomisl
1489 1823 1695 1866 beneficio
1729 1825 1881 1879 gracie
1913 1835 2017 1876 spe-

149 1905 268 1945 cialis
302 1902 583 1943 decorandam
618 1901 808 1941 duximus
842 1903 883 1939 et
917 1899 1172 1953 augendam.
1206 1898 1263 1937 ita
1295 1896 1506 1936 uidelicet.
1540 1897 1583 1934 ut
1616 1895 1750 1933 omnia
1783 1894 1893 1933 bona
1927 1893 2018 1932 eius

151 1974 357 2025 acquisita
391 1976 433 2011 et
466 1970 738 2023 acquirenda.
772 1980 853 2021 que
880 1969 918 2008 in
952 1973 1066 2008 terra
1100 1970 1246 2007 nostra
1280 1964 1467 2017 possidet
1498 1963 1566 2003 uel
1600 1963 1737 2002 adhuc
1763 1973 2018 2014 possessura

152 2047 229 2082 est.
264 2046 305 2082 et
337 2041 540 2092 precipue
580 2040 678 2079 uilla
712 2039 921 2078 Pamelc'z.
947 2038 999 2077 ab
1034 2037 1221 2077 omnibus
1254 2035 1450 2074 seruiciis
1484 2032 1865 2072 consuetudinariis
1899 2031 2019 2070 nouis

153 2123 231 2151 seu
272 2110 489 2150 ueteribus
532 2120 612 2148 nec
656 2120 738 2148 non
779 2107 872 2146 aliis
913 2105 1235 2161 grauaminibus
1268 2114 1527 2156 quocumque
1568 2101 1731 2140 nomine
1764 2104 2021 2139 censeantur

153 2182 236 2220 sint
263 2183 465 2231 perpetuo
498 2179 634 2217 libera
658 2181 700 2217 et
732 2180 926 2227 exempta
952 2174 1180 2215 secundum
1212 2177 1398 2213 tenorem
1433 2170 1749 2224 priuilegiorum
1783 2180 1864 2220 que
1896 2168 2021 2208 Veli-

154 2249 362 2304 gradensi
407 2247 591 2287 ecclesie
631 2246 821 2285 duximus
864 2243 1137 2284 conserenda.
1203 2240 1459 2283 Contulimns
1500 2241 1622 2279 etiam
1662 2238 1794 2278 eidem
1836 2238 2021 2277 ecclesie

156 2321 195 2359 in
222 2317 423 2358 Lutomisl
449 2317 512 2355 ius
537 2319 783 2366 patronatus
807 2314 914 2366 quod
949 2315 988 2352 in
1015 2313 1198 2352 ecclesia
1230 2311 1454 2362 ywauouef-z,
1486 2308 1743 2348 habebamus
1774 2307 2020 2346 adicientes.

157 2392 200 2427 ut
232 2387 421 2426 homines
454 2383 606 2436 prefati
640 2384 880 2423 monasterii
914 2394 990 2434 per
1025 2384 1157 2422 omnia
1195 2380 1392 2419 thelonea
1424 2382 1539 2417 terre
1582 2380 1725 2417 nostre
1759 2376 1850 2415 sine
1883 2375 2022 2426 aliqua

158 2457 373 2496 solucione
408 2445 628 2493 transeant
660 2451 779 2492 liberi
828 2456 869 2492 et
909 2452 1062 2490 securi.
1130 2450 1186 2489 Vt
1226 2452 1360 2488 autem
1407 2447 1487 2486 hec
1531 2446 1691 2501 pagina
1734 2449 1877 2485 nostre
1917 2455 2022 2483 con-

158 2525 365 2564 cessionis
399 2523 527 2563 robur
566 2519 754 2562 obtineat
785 2524 986 2573 perpetue
1027 2518 1239 2559 firmitatis.
1274 2529 1453 2569 presens
1492 2516 1688 2567 scriptum
1720 2514 1850 2569 sigilli
1892 2512 2023 2553 nostri
