2212 2876
1090 67 1158 107 62

196 218 512 273 quintodecimo.
575 215 729 255 Datum
778 214 820 252 in
866 211 993 250 nobili
1044 210 1214 249 ciuitate
1262 207 1433 247 Basilea
1482 217 1560 257 per
1598 218 1746 246 manus
1792 206 1927 246 Vlri'ci
1970 207 2064 246 uice

195 287 508 340 prothonotarii.
542 288 667 325 sexto
700 281 922 322 Kalendas
956 279 1166 320 Octobris.
1202 275 1393 320 feliciter.
1427 286 1560 314 amen.

506 402 561 434 Ex
585 399 779 441 originali
808 398 935 429 archivi
967 407 996 428 c.
1020 407 1046 427 r.
1070 395 1167 427 aulici
1196 393 1464 425 vindobonae
1489 401 1561 423 cum
1585 392 1702 429 {bulla
1725 401 1849 423 aurea
1873 392 1979 423 sicula
2002 401 2066 432 ap-

609 460 715 493 pensa
741 450 868 481 illaesa.
905 467 947 471 -—
984 448 1112 479 Exeus.
1149 445 1236 487 apud
1274 445 1501 486 Balbinum,
1540 442 1798 486 Goldastum,
1835 443 2066 476 Dobnerum

611 505 643 534 et
666 502 759 533 alios.
989 510 993 512 ’

1072 666 1188 706 LIII.

196 777 467 829 Fridericus,
492 777 786 817 Romanorum
818 773 1061 824 imperator,
1088 768 1280 809 concedit
1313 769 1532 812 Heinrico,
1559 767 1800 807 ‘marchioni
1829 769 2067 815 Morsu-we,

277 848 506 899 „Moeram
539 847 578 883 et
606 841 821 884 Mam-aff
855 852 951 879 cum
983 838 1173 878 omnibus
1196 837 1372 890 juribus·
1406 840 1444 876 e!
1473 838 1699 875 attinentiis·
1732 839 1775 876 z‘n
1805 837 1995 889 feudum.

591 914 664 952 Dt.
697 911 891 951 Bas-iliae
931 909 977 949 V.
1011 907 1236 948 Kalendas
1272 905 1479 953 octobris,
1520 906 1672 945 1212.

327 1017 388 1077 In
427 1034 592 1073 nomine
638 1034 787 1071 sancte
836 1034 878 1069 et
919 1029 1132 1068 indiuidue
1180 1028 1376 1066 trinitatis
1425 1038 1558 1065 amen.
1622 1026 1881 1070 1¹¹1·e‹leri,cus
1930 1027 2071 1065 diuina

198 1105 369 1146 fauente
402 1102 622 1143 clementia
653 1101 934 1139 Romanorum
967 1099 1193 1148 imperator
1227 1097 1389 1135 electus
1431 1099 1473 1134 et
1512 1106 1680 1145 semper
1713 1100 1939 1148 augustus.
1977 1097 2070 1134 Rex

198 1173 359 1216 Sicilie.
400 1172 575 1211 ducatus
622 1169 788 1220 Apulie.
836 1171 878 1207 et
917 1168 1177 1218 principatus
1226 1164 1387 1215 Capue.
1453 1162 1557 1204 Cum
1609 1164 1739 1203 decor
1790 1168 1832 1203 et
1881 1168 2071 1215 potestas

200 1243 358 1293 imperii
391 1243 575 1280 nostrum
615 1237 874 1289 precesserit
914 1239 1076 1275 statum.
1119 1235 1291 1288 dignum
1325 1238 1460 1272 tamen
1495 1244 1546 1271 ac
1572 1233 1789 1272 honestum
1824 1233 2073 1272 arbitramur

198 1310 305 1351 fore.
358 1321 499 1349 eorum
538 1308 647 1346 uotis
686 1306 860 1345 uberius
910 1305 1136 1344 acclinare.
1178 1315 1349 1355 quorum
1397 1301 1515 1341 iidem
1563 1314 1614 1340 ac
1655 1302 1917 1341 deuotionem
1958 1303 2071 1341 circa

202 1380 405 1420 uniuersa
451 1377 630 1430 negotia
677 1379 823 1414 nostra
869 1373 1165 1425 promoucnda.
1213 1373 1425 1426 integram
1474 1383 1526 1410 ac
1568 1371 1856 1410 inconuulsam
1903 1372 2074 1411 certiori

203 1447 471 1499 experientia
514 1445 741 1484 didicimus,
805 1443 908 1482 Inde
949 1446 1014 1481 est
1054 1442 1161 1493 quod
1203 1453 1281 1480 nos
1322 1441 1595 1480 aduertentes
1636 1444 1765 1494 grata
1805 1444 1846 1479 et
1878 1441 2076 1490 preclara

202 1517 438 1557 deuotionis
481 1514 686 1565 obsequia
727 1524 808 1563 que
848 1513 1066 1551 Hem-icus
1107 1511 1258 1550 nobilis
1297 1509 1481 1549 marchio
1514 1510 1709 1549 Morauie
1748 1509 1953 1548 hactenus
1992 1513 2078 1549 tam

202 1584 380 1625 fideliter
413 1596 533 1636 quam
574 1583 726 1621 deuote
759 1581 880 1620 nobis
921 1580 1122 1620 exhibuit.
1157 1591 1208 1618 ac
1249 1580 1372 1618 etiam
1406 1579 1567 1617 domino
1608 1578 1824 1632 largiente
1865 1579 1906 1616 in
1948 1582 2074 1617 antea

203 1658 270 1693 est
302 1653 577 1692 exhibiturus.
617 1652 705 1689 suis
737 1650 789 1689 ad
824 1660 1003 1700 presens
1030 1650 1070 1687 in
1104 1652 1297 1699 quantum
1323 1659 1544 1698 possumus
1570 1647 1832 1697 respondere
1856 1647 2075 1698 cupientes

205 1722 434 1773 obsequiis.
489 1721 639 1760 Notum
661 1717 834 1758 facimus
866 1722 948 1757 tam
977 1718 1246 1768 presentibus
1275 1720 1394 1768 quani
1430 1718 1469 1755 in
1504 1728 1622 1755 euum
1648 1717 1929 1756 successuris.
1965 1716 2074 1767 quod

204 1802 282 1831 nos
316 1791 451 1829 eidem
482 1788 719 1829 Marchioni
756 1791 797 1827 et
828 1787 1058 1826 heredibus
1099 1786 1188 1825 suis
1222 1785 1274 1824 (le
1308 1788 1452 1824 nostre
1495 1785 1762 1823 liberalitatis
1794 1782 2076 1824 munificentia

205 1859 474 1898 concedimus
509 1861 550 1896 et
591 1855 878 1895 confirmamus
912 1856 1106 1895 Mocran.
1148 1858 1190 1894 et
1229 1855 1420 1894 Mocram
1461 1865 1550 1893 cum
1592 1855 1696 1893 omni
1732 1855 1822 1893 iure
1867 1858 1908 1894 et
1941 1855 2075 1905 perti-

206 1928 358 1967 nentiis
400 1927 502 1966 suis.
551 1926 670 1965 saluo
717 1926 892 1964 seruitio
935 1924 1043 1976 quod
1088 1923 1185 1963 inde
1226 1924 1343 1962 curie
1390 1927 1535 1962 nostre
1580 1923 1770 1962 debetur.
1835 1923 1903 1962 Ad
1953 1923 2076 1962 huius

208 2000 344 2036 autem
385 1993 708 2035 confirmationis
749 1998 791 2034 et
829 1994 1123 2033 concessionis
1163 1996 1309 2032 nostre
1342 1993 1587 2031 memoriam.
1629 1996 1671 2031 et
1704 1993 1832 2032 robur
1871 1996 2075 2044 perpetuo

208 2065 441 2104 valiturum.
483 2075 663 2114 presens
702 2063 972 2116 priuilegium
1013 2073 1091 2113 per
1129 2073 1276 2100 manus
1317 2062 1493 2115 Henrici
1534 2061 1586 2100 de
1620 2061 1811 2101 Parisius
1851 2062 2003 2101 notarii
2036 2065 2078 2101 et

208 2131 343 2172 fidelis
376 2132 506 2171 nostri
541 2132 671 2171 scribi
703 2135 745 2171 et
777 2131 889 2170 bulla
914 2134 1059 2169 nostra
1092 2142 1226 2170 aurea
1257 2131 1452 2169 iussimus
1477 2131 1728 2170 communiri.
1762 2142 1885 2169 anno.
1917 2141 2075 2170 mense.

210 2206 253 2240 et
285 2201 512 2239 indictione
545 2201 809 2251 subscriptis.
873 2200 1009 2239 Huius
1043 2200 1105 2238 rei
1138 2202 1272 2238 testes
1312 2203 1420 2238 sunt.
1458 2198 1823 2250 Archiepiscopus
1856 2199 2076 2238 Barensis.

215 2270 441 2321 episcopus
494 2269 779 2308 Tridentinus.
829 2271 1055 2319 episcopus
1110 2268 1390 2307 Basileensis.
1449 2268 1673 2318 episcopus
1721 2266 2076 2308 Constantiensis.

212 2339 436 2388 episcopus
470 2336 707 2377 Curiensis.
739 2338 889 2376 Abbas
922 2337 1159 2391 Augensis.
1193 2337 1327 2375 abbas
1361 2337 1497 2375 sancti
1531 2336 1653 2376 Galli.
1687 2336 1821 2375 abbas
1855 2336 1907 2375 de
1941 2336 2077 2374 Vice-

213 2406 331 2445 burc.
372 2406 598 2444 Bel-toldus
644 2406 698 2445 de
738 2406 901 2456 Nisphe
951 2406 1116 2459 regalis
1159 2406 1276 2444 curie
1325 2404 1677 2456 prothonotarius.
1718 2415 1859 2444 comes
1905 2404 2077 2442 Vlricus

216 2475 269 2514 de
303 2473 503 2514 Chiburc.
545 2486 684 2514 comes
717 2473 923 2514 Rodulfus
963 2475 1015 2514 de
1056 2473 1393 2513 Habechesburc
1435 2477 1477 2513 et
1508 2474 1763 2528 langravius
1805 2473 1857 2512 de
1896 2472 2076 2512 Alsatia.
