2212 2876
1041 75 1147 117 372
1173 132 1246 135 —

157 222 389 261 dictionem.
452 219 744 271 Inspirationis
778 217 918 258 diuine
951 219 1096 272 gratia
1128 216 1325 257 faciente.
1358 229 1437 257 uos
1478 228 1583 270 quos
1623 219 1664 258 in
1704 218 1799 259 luce
1841 220 2030 274 gentium

158 291 224 330 dei
272 290 480 341 sapientia
529 288 699 328 dedisse
733 287 964 326 dinoscitur
1003 287 1055 327 ad
1095 287 1174 326 hoc
1223 287 1429 326 continuis
1463 286 1680 327 desudatis
1719 286 1949 328 affectibus.
1989 292 2033 328 ut

157 359 412 411 spiritualem
447 356 747 409 consequendo
781 357 948 396 letitiam
982 367 1063 408 que
1096 367 1174 407 per
1199 356 1376 408 quietem
1410 356 1770 407 contemplationis
1803 359 2032 409 acquiritur

158 432 200 468 et
232 427 532 480 predicationis
566 437 693 465 sacre
726 425 904 465 studium
939 426 1161 464 obtinetur.
1194 425 1256 464 sic
1290 424 1526 465 decurratis
1560 427 1775 476 presentis
1808 427 1894 466 uite
1927 438 2032 477 spa-

158 498 267 537 tium.
309 496 417 548 quod
467 498 680 534 annuente
720 495 830 534 Jesu
874 493 1032 534 Christi
1082 490 1317 533 clementia.
1355 494 1478 533 uobis
1525 495 1692 534 tandem
1740 506 1792 534 ac
1833 496 2032 546 proximis

157 566 377 617 proueniat
410 564 550 619 gloria
585 567 790 615 perpetue
824 563 1042 603 claritatis.
1107 563 1256 616 Digne
1296 563 1431 617 igitur
1463 565 1560 615 quia
1602 575 1679 615 per
1710 575 1764 603 ea
1797 575 1878 616 que
1912 563 2032 604 uobis

157 648 182 674 a
227 634 333 673 sede
384 634 617 685 apostolica
664 633 968 672 committuntur
1015 632 1258 683 principalis
1304 632 1437 671 uestri
1485 633 1688 684 propositi
1738 644 2031 685 nonnunquam

157 703 355 743 executio
389 702 620 753 impeditur.
655 705 697 741 et
729 714 811 740 non
845 701 1043 740 modicum
1084 701 1208 739 saluti
1250 699 1482 740 detrahitur
1521 702 1747 740 animarum
1781 703 2031 741 auctoritate

157 772 278 811 uobis
318 772 573 822 presentium
613 770 896 824 indulgemus,
938 772 982 808 ut
1025 769 1078 808 ad
1122 770 1401 809 correctionis
1448 781 1527 809 seu
1565 771 1816 810 uisitationis
1857 769 2032 810 officium

159 841 424 881 monasteriis
450 840 519 879 uel
553 840 751 879 ecclesiis
777 838 1106 891 impendendum.
1139 849 1305 878 necnon
1338 838 1391 878 ad
1416 840 1690 879 executiones
1723 851 1957 878 causarum.
1991 843 2032 879 et

157 909 495 949 denuntiationes
522 909 994 948 excommunicationum
1027 907 1263 959 procedere
1296 907 1365 946 uel
1395 908 1603 959 recipere
1625 919 1768 948 curam
1799 907 2032 947 monialium

159 989 237 1019 seu
269 978 569 1032 religiosarum
604 977 878 1029 quartnnlihet
911 976 1009 1016 nulli
1041 974 1212 1016 fratrum
1245 980 1481 1016 uestrorum
1521 977 1722 1017 decetero
1756 988 1834 1028 per
1865 977 2028 1017 litteras

156 1047 411 1099 apostolicas
445 1050 669 1086 teneantur
701 1046 781 1085 nisi
816 1056 1027 1097 expresse
1061 1045 1113 1084 de
1146 1045 1226 1085 hac
1259 1045 1525 1100 indulgentia
1557 1044 1739 1087 fecerint
1770 1047 2030 1086 mentionem.

157 1116 271 1156 Nulli
311 1127 422 1170 ergo
456 1116 617 1155 omnino
660 1115 866 1154 hominum
905 1115 1031 1154 liceat
1063 1114 1171 1154 hanc
1212 1115 1415 1169 paginam
1454 1118 1597 1155 nostre
1638 1116 1931 1155 concessionis
1963 1115 2031 1154 in-

156 1183 366 1239 fringere.
407 1185 476 1224 uel
519 1185 558 1224 ei
598 1197 705 1224 ausu
743 1185 968 1224 temerario
1009 1184 1235 1223 contraire.
1298 1182 1443 1235 Siquis
1483 1187 1618 1224 autem
1657 1183 1738 1223 hoc
1780 1186 2030 1236 attemptare

158 1246 461 1306 presumpserit
500 1253 833 1308 indignationem
882 1253 1173 1303 omnipotentis
1218 1252 1286 1292 dei
1333 1256 1374 1292 et
1414 1252 1630 1293 beatorum
1672 1253 1789 1293 Petri
1829 1256 1870 1293 et
1908 1252 2031 1293 Pauli

158 1323 438 1374 apostolorum
472 1324 563 1363 eius
604 1334 654 1362 se
687 1324 852 1362 nouerit
883 1323 1159 1362 incursurum.
1223 1321 1376 1364 Datum
1409 1321 1615 1363 Laterani
1647 1322 1701 1362 ΙΙ.
1734 1322 1882 1363 Nonas
1915 1321 2028 1363 Julii.

156 1390 430 1432 Pontificatus
463 1392 595 1432 nostri
629 1403 740 1431 anno
775 1391 1099 1444 quartodecimo.

468 1492 523 1527 Ex
547 1491 742 1535 originali
766 1490 925 1525 ibidem.

956 1667 990 1711 C
997 1666 1241 1711 CCXXIII.

165 1764 454 1816 I‘Venceslam,
487 1776 571 1803 rex
602 1765 819 1818 Boemiae,
851 1766 1106 1804 monasterio
1147 1764 1442 1805 Oslowcmensz'
1481 1764 1689 1818 capellam
1720 1762 1836 1817 apud
1865 1764 2030 1804 Novam

235 1834 458 1873 ecclesiam
499 1835 761 1873 constitutam
804 1834 979 1887 confert.
1042 1834 1150 1874 Acta
1189 1833 1305 1886 apud
1344 1833 1507 1886 Camilc,
1543 1832 1687 1886 pridie
1727 1832 1953 1874 Kalendas

932 1902 1056 1954 dulit,
1103 1902 1255 1944 1240.

261 1993 596 2055 Wencezlaus
640 2014 707 2054 dei
747 2014 893 2068 gratia
936 2017 1109 2065 quartus
1152 2015 1251 2071 Rex
1289 2014 1475 2055 Boemie.
1539 2014 1767 2055 Vniuersis
1805 2017 1884 2053 tam
1925 2025 2029 2065 pre-

161 2082 352 2121 sentibus
393 2094 512 2133 quam
552 2081 699 2123 suturis
740 2083 817 2122 hos
857 2084 1002 2134 apices
1042 2084 1310 2134 inspecturis.
1353 2084 1395 2124 in
1434 2083 1581 2124 salutis
1625 2087 1799 2124 auctore
1839 2083 2028 2123 salutem.

164 2151 367 2190 Actiones
387 2162 466 2202 que
497 2152 660 2191 ratione
680 2152 845 2203 pietatis
875 2163 1071 2206 congrue
1096 2164 1146 2191 ac
1174 2153 1282 2193 iuste
1303 2151 1401 2194 fiunt
1425 2163 1480 2192 ex
1505 2153 1738 2193 deuocione
1756 2164 1830 2204 pro
1857 2150 2031 2193 Christo

162 2224 204 2259 ut
246 2219 420 2258 stabiles
472 2231 522 2258 ac
575 2218 686 2260 firme
727 2224 1014 2272 permaneant.
1054 2223 1343 2268 necessarium
1391 2225 1435 2261 et
1475 2222 1636 2262 decens
1683 2225 1750 2261 est
1797 2225 1842 2261 ut
1883 2221 2030 2273 scripti

162 2289 356 2327 memoria
398 2288 449 2327 ad
492 2291 804 2339 repressionem
845 2291 981 2330 tocius
1022 2290 1255 2342 calumpnie
1295 2289 1601 2330 confirmentur.
1664 2291 1775 2330 Hinc
1815 2292 1881 2329 est
1918 2289 2027 2341 quod

163 2355 483 2411 significandum
504 2358 694 2397 duximus
718 2360 945 2399 vniuersis.
975 2360 1082 2412 quod
1111 2371 1200 2399 nos.
1230 2361 1437 2413 capellam
1460 2359 1577 2412 apud
1600 2359 1768 2400 Nouam
1785 2359 2027 2399 Ecclesium

161 2426 438 2465 constitutam.
473 2426 659 2467 claustro
701 2429 741 2467 in
776 2428 983 2468 Ozlawan
1015 2429 1105 2468 iure
1139 2430 1271 2469 nostri
1313 2432 1559 2480 patronatus
1592 2428 1836 2468 contulimus
1868 2438 2026 2479 perpe-

164 2494 330 2534 tualiter
364 2495 671 2545 possidendam.
711 2497 802 2536 iure
835 2497 1043 2548 perhenni
1082 2498 1214 2539 eidem
1248 2497 1541 2539 confirmantes
1575 2497 1763 2538 eandem.
1828 2497 1874 2536 ln
1908 2497 2026 2536 cuius
