<?xml version="1.0" encoding="UTF-8"?>
<!DOCTYPE html PUBLIC "-//W3C//DTD XHTML 1.0 Transitional//EN"
    "http://www.w3.org/TR/xhtml1/DTD/xhtml1-transitional.dtd">
<html xmlns="http://www.w3.org/1999/xhtml" xml:lang="en" lang="en">
 <head>
  <title>
</title>
<meta http-equiv="Content-Type" content="text/html;charset=utf-8" />
  <meta name='ocr-system' content='tesseract 3.04.00' />
  <meta name='ocr-capabilities' content='ocr_page ocr_carea ocr_par ocr_line ocrx_word'/>
</head>
<body>
  <div class='ocr_page' id='page_1' title='image "./codexdiplomaticu02morauoft_0114.png"; bbox 0 0 2212 2876; ppageno 0'>
   <div class='ocr_carea' id='block_1_1' title="bbox 214 198 2091 1911">
    <p class='ocr_par' dir='ltr' id='par_1_1' title="bbox 214 198 2091 1911">
     <span class='ocr_line' id='line_1_1' title="bbox 217 198 2089 253; baseline -0.002 -11"><span class='ocrx_word' id='word_1_1' title='bbox 217 207 258 242; x_wconf 91' lang='lat' dir='ltr'>et</span> <span class='ocrx_word' id='word_1_2' title='bbox 291 203 435 253; x_wconf 86' lang='lat' dir='ltr'>pratis.</span> <span class='ocrx_word' id='word_1_3' title='bbox 470 206 512 242; x_wconf 91' lang='lat' dir='ltr'>et</span> <span class='ocrx_word' id='word_1_4' title='bbox 553 201 683 241; x_wconf 85' lang='lat' dir='ltr'>siluis.</span> <span class='ocrx_word' id='word_1_5' title='bbox 718 203 921 251; x_wconf 90' lang='lat' dir='ltr'>perpetuo</span> <span class='ocrx_word' id='word_1_6' title='bbox 963 204 1005 239; x_wconf 91' lang='lat' dir='ltr'>et</span> <span class='ocrx_word' id='word_1_7' title='bbox 1037 200 1294 240; x_wconf 86' lang='lat' dir='ltr'>hereditario</span> <span class='ocrx_word' id='word_1_8' title='bbox 1329 201 1420 239; x_wconf 89' lang='lat' dir='ltr'>iure</span> <span class='ocrx_word' id='word_1_9' title='bbox 1454 201 1609 240; x_wconf 89' lang='lat' dir='ltr'>contuli</span> <span class='ocrx_word' id='word_1_10' title='bbox 1649 200 1920 252; x_wconf 86' lang='lat' dir='ltr'>possidenda.</span> <span class='ocrx_word' id='word_1_11' title='bbox 1955 198 2089 240; x_wconf 87' lang='lat' dir='ltr'>fideli-</span> 
     </span>
     <span class='ocr_line' id='line_1_2' title="bbox 215 268 2089 324; baseline -0.001 -14"><span class='ocrx_word' id='word_1_12' title='bbox 215 274 342 310; x_wconf 82' lang='lat' dir='ltr'>tatem</span> <span class='ocrx_word' id='word_1_13' title='bbox 375 269 527 322; x_wconf 85' lang='lat' dir='ltr'>prefati</span> <span class='ocrx_word' id='word_1_14' title='bbox 559 271 638 310; x_wconf 87' lang='lat' dir='ltr'>uiri</span> <span class='ocrx_word' id='word_1_15' title='bbox 662 273 923 309; x_wconf 80' lang='lat' dir='ltr'>constantem</span> <span class='ocrx_word' id='word_1_16' title='bbox 958 268 1298 321; x_wconf 82' lang='lat' dir='ltr'>indefessumque</span> <span class='ocrx_word' id='word_1_17' title='bbox 1326 269 1563 308; x_wconf 83' lang='lat' dir='ltr'>seruicium.</span> <span class='ocrx_word' id='word_1_18' title='bbox 1597 271 1632 308; x_wconf 87' lang='lat' dir='ltr'>si</span> <span class='ocrx_word' id='word_1_19' title='bbox 1666 282 1747 308; x_wconf 90' lang='lat' dir='ltr'>non</span> <span class='ocrx_word' id='word_1_20' title='bbox 1781 270 1920 324; x_wconf 86' lang='lat' dir='ltr'>largis</span> <span class='ocrx_word' id='word_1_21' title='bbox 1953 270 2089 309; x_wconf 89' lang='lat' dir='ltr'>hene-</span> 
     </span>
     <span class='ocr_line' id='line_1_3' title="bbox 217 338 2090 390; baseline -0.002 -10"><span class='ocrx_word' id='word_1_22' title='bbox 217 339 333 380; x_wconf 83' lang='lat' dir='ltr'>ficiis.</span> <span class='ocrx_word' id='word_1_23' title='bbox 375 345 513 380; x_wconf 88' lang='lat' dir='ltr'>tamen</span> <span class='ocrx_word' id='word_1_24' title='bbox 546 341 662 379; x_wconf 85' lang='lat' dir='ltr'>iuxta</span> <span class='ocrx_word' id='word_1_25' title='bbox 703 350 795 378; x_wconf 86' lang='lat' dir='ltr'>mee</span> <span class='ocrx_word' id='word_1_26' title='bbox 828 339 1117 389; x_wconf 84' lang='lat' dir='ltr'>possibilitatis</span> <span class='ocrx_word' id='word_1_27' title='bbox 1159 338 1361 377; x_wconf 89' lang='lat' dir='ltr'>modulum</span> <span class='ocrx_word' id='word_1_28' title='bbox 1396 338 1608 377; x_wconf 86' lang='lat' dir='ltr'>intuendo.</span> <span class='ocrx_word' id='word_1_29' title='bbox 1674 339 1832 378; x_wconf 76' lang='lat' dir='ltr'>Verum</span> <span class='ocrx_word' id='word_1_30' title='bbox 1873 350 1926 377; x_wconf 87' lang='lat' dir='ltr'>ne</span> <span class='ocrx_word' id='word_1_31' title='bbox 1960 350 2090 390; x_wconf 89' lang='lat' dir='ltr'>super</span> 
     </span>
     <span class='ocr_line' id='line_1_4' title="bbox 216 407 2090 461; baseline -0.001 -13"><span class='ocrx_word' id='word_1_32' title='bbox 216 409 295 449; x_wconf 86' lang='lat' dir='ltr'>hac</span> <span class='ocrx_word' id='word_1_33' title='bbox 338 410 571 449; x_wconf 89' lang='lat' dir='ltr'>donacione</span> <span class='ocrx_word' id='word_1_34' title='bbox 619 408 719 447; x_wconf 90' lang='lat' dir='ltr'>oriri</span> <span class='ocrx_word' id='word_1_35' title='bbox 762 408 996 458; x_wconf 79' lang='lat' dir='ltr'>calumpnia</span> <span class='ocrx_word' id='word_1_36' title='bbox 1046 408 1179 458; x_wconf 79' lang='lat' dir='ltr'>possit</span> <span class='ocrx_word' id='word_1_37' title='bbox 1218 408 1257 446; x_wconf 93' lang='lat' dir='ltr'>in</span> <span class='ocrx_word' id='word_1_38' title='bbox 1301 411 1530 457; x_wconf 85' lang='lat' dir='ltr'>posterum.</span> <span class='ocrx_word' id='word_1_39' title='bbox 1578 407 1712 461; x_wconf 77' lang='lat' dir='ltr'>sigilli</span> <span class='ocrx_word' id='word_1_40' title='bbox 1752 409 1831 446; x_wconf 92' lang='lat' dir='ltr'>mei</span> <span class='ocrx_word' id='word_1_41' title='bbox 1870 408 2090 446; x_wconf 82' lang='lat' dir='ltr'>munimine</span> 
     </span>
     <span class='ocr_line' id='line_1_5' title="bbox 215 476 2090 531; baseline -0.002 -13"><span class='ocrx_word' id='word_1_42' title='bbox 215 483 453 529; x_wconf 83' lang='lat' dir='ltr'>presentem</span> <span class='ocrx_word' id='word_1_43' title='bbox 481 478 681 531; x_wconf 80' lang='lat' dir='ltr'>paginam</span> <span class='ocrx_word' id='word_1_44' title='bbox 715 477 933 530; x_wconf 86' lang='lat' dir='ltr'>insigniui.</span> <span class='ocrx_word' id='word_1_45' title='bbox 962 487 1011 515; x_wconf 93' lang='lat' dir='ltr'>eo</span> <span class='ocrx_word' id='word_1_46' title='bbox 1045 477 1222 515; x_wconf 87' lang='lat' dir='ltr'>maxime</span> <span class='ocrx_word' id='word_1_47' title='bbox 1257 477 1415 515; x_wconf 86' lang='lat' dir='ltr'>intuitu.</span> <span class='ocrx_word' id='word_1_48' title='bbox 1442 488 1494 515; x_wconf 92' lang='lat' dir='ltr'>ne</span> <span class='ocrx_word' id='word_1_49' title='bbox 1530 477 1746 528; x_wconf 83' lang='lat' dir='ltr'>quisquam</span> <span class='ocrx_word' id='word_1_50' title='bbox 1778 476 1986 515; x_wconf 89' lang='lat' dir='ltr'>uiolenter</span> <span class='ocrx_word' id='word_1_51' title='bbox 2019 479 2090 515; x_wconf 86' lang='lat' dir='ltr'>aut</span> 
     </span>
     <span class='ocr_line' id='line_1_6' title="bbox 218 545 2091 598; baseline -0.002 -12"><span class='ocrx_word' id='word_1_52' title='bbox 218 551 376 587; x_wconf 90' lang='lat' dir='ltr'>temere</span> <span class='ocrx_word' id='word_1_53' title='bbox 409 548 490 586; x_wconf 89' lang='lat' dir='ltr'>sibi</span> <span class='ocrx_word' id='word_1_54' title='bbox 524 547 743 598; x_wconf 88' lang='lat' dir='ltr'>quicquam</span> <span class='ocrx_word' id='word_1_55' title='bbox 777 546 879 585; x_wconf 89' lang='lat' dir='ltr'>iuris</span> <span class='ocrx_word' id='word_1_56' title='bbox 914 547 954 584; x_wconf 90' lang='lat' dir='ltr'>in</span> <span class='ocrx_word' id='word_1_57' title='bbox 987 549 1212 596; x_wconf 85' lang='lat' dir='ltr'>pretaxata</span> <span class='ocrx_word' id='word_1_58' title='bbox 1256 546 1351 584; x_wconf 88' lang='lat' dir='ltr'>uilla</span> <span class='ocrx_word' id='word_1_59' title='bbox 1387 557 1465 585; x_wconf 86' lang='lat' dir='ltr'>seu</span> <span class='ocrx_word' id='word_1_60' title='bbox 1500 546 1592 584; x_wconf 84' lang='lat' dir='ltr'>eius</span> <span class='ocrx_word' id='word_1_61' title='bbox 1626 545 1902 596; x_wconf 87' lang='lat' dir='ltr'>appendiciis.</span> <span class='ocrx_word' id='word_1_62' title='bbox 1936 545 2091 584; x_wconf 84' lang='lat' dir='ltr'>audeat</span> 
     </span>
     <span class='ocr_line' id='line_1_7' title="bbox 215 613 2091 667; baseline -0.002 -12"><span class='ocrx_word' id='word_1_63' title='bbox 215 628 435 667; x_wconf 88' lang='lat' dir='ltr'>usurpare.</span> <span class='ocrx_word' id='word_1_64' title='bbox 469 616 549 655; x_wconf 86' lang='lat' dir='ltr'>nisi</span> <span class='ocrx_word' id='word_1_65' title='bbox 581 615 717 654; x_wconf 89' lang='lat' dir='ltr'>libera</span> <span class='ocrx_word' id='word_1_66' title='bbox 749 615 943 654; x_wconf 87' lang='lat' dir='ltr'>uoluntas</span> <span class='ocrx_word' id='word_1_67' title='bbox 976 615 1265 665; x_wconf 80' lang='lat' dir='ltr'>prememorati</span> <span class='ocrx_word' id='word_1_68' title='bbox 1300 614 1507 665; x_wconf 82' lang='lat' dir='ltr'>Stephani</span> <span class='ocrx_word' id='word_1_69' title='bbox 1543 619 1584 654; x_wconf 88' lang='lat' dir='ltr'>et</span> <span class='ocrx_word' id='word_1_70' title='bbox 1617 613 1787 653; x_wconf 87' lang='lat' dir='ltr'>filiorum</span> <span class='ocrx_word' id='word_1_71' title='bbox 1821 615 1926 654; x_wconf 90' lang='lat' dir='ltr'>eius.</span> <span class='ocrx_word' id='word_1_72' title='bbox 1959 613 2091 653; x_wconf 88' lang='lat' dir='ltr'>here-</span> 
     </span>
     <span class='ocr_line' id='line_1_8' title="bbox 216 681 2091 736; baseline -0.001 -13"><span class='ocrx_word' id='word_1_73' title='bbox 216 685 391 736; x_wconf 84' lang='lat' dir='ltr'>dumque</span> <span class='ocrx_word' id='word_1_74' title='bbox 439 684 762 723; x_wconf 81' lang='lat' dir='ltr'>succedencium</span> <span class='ocrx_word' id='word_1_75' title='bbox 819 694 1057 722; x_wconf 81' lang='lat' dir='ltr'>consensus</span> <span class='ocrx_word' id='word_1_76' title='bbox 1106 681 1351 722; x_wconf 88' lang='lat' dir='ltr'>sauorabilis</span> <span class='ocrx_word' id='word_1_77' title='bbox 1409 684 1658 722; x_wconf 77' lang='lat' dir='ltr'>intercedat.</span> <span class='ocrx_word' id='word_1_78' title='bbox 1740 683 1866 722; x_wconf 76' lang='lat' dir='ltr'>Vnde</span> <span class='ocrx_word' id='word_1_79' title='bbox 1921 688 2091 734; x_wconf 89' lang='lat' dir='ltr'>propter</span> 
     </span>
     <span class='ocr_line' id='line_1_9' title="bbox 215 752 2091 806; baseline -0.001 -13"><span class='ocrx_word' id='word_1_80' title='bbox 215 754 523 793; x_wconf 84' lang='lat' dir='ltr'>habundantem</span> <span class='ocrx_word' id='word_1_81' title='bbox 557 754 763 792; x_wconf 84' lang='lat' dir='ltr'>cautelam</span> <span class='ocrx_word' id='word_1_82' title='bbox 796 753 1027 792; x_wconf 85' lang='lat' dir='ltr'>huiusmodi</span> <span class='ocrx_word' id='word_1_83' title='bbox 1055 752 1329 791; x_wconf 90' lang='lat' dir='ltr'>donacionem</span> <span class='ocrx_word' id='word_1_84' title='bbox 1363 756 1442 792; x_wconf 86' lang='lat' dir='ltr'>tam</span> <span class='ocrx_word' id='word_1_85' title='bbox 1474 754 1662 804; x_wconf 81' lang='lat' dir='ltr'>presenti</span> <span class='ocrx_word' id='word_1_86' title='bbox 1697 753 1937 806; x_wconf 88' lang='lat' dir='ltr'>priuilegio.</span> <span class='ocrx_word' id='word_1_87' title='bbox 1972 762 2091 804; x_wconf 84' lang='lat' dir='ltr'>quam</span> 
     </span>
     <span class='ocr_line' id='line_1_10' title="bbox 214 820 2090 872; baseline -0.001 -11"><span class='ocrx_word' id='word_1_88' title='bbox 214 823 415 862; x_wconf 87' lang='lat' dir='ltr'>bonorum</span> <span class='ocrx_word' id='word_1_89' title='bbox 463 824 645 863; x_wconf 90' lang='lat' dir='ltr'>uirorum</span> <span class='ocrx_word' id='word_1_90' title='bbox 701 823 935 861; x_wconf 87' lang='lat' dir='ltr'>testimonio</span> <span class='ocrx_word' id='word_1_91' title='bbox 981 820 1234 861; x_wconf 87' lang='lat' dir='ltr'>confirmaui.</span> <span class='ocrx_word' id='word_1_92' title='bbox 1290 832 1461 872; x_wconf 84' lang='lat' dir='ltr'>quorum</span> <span class='ocrx_word' id='word_1_93' title='bbox 1511 823 1675 861; x_wconf 90' lang='lat' dir='ltr'>nomina</span> <span class='ocrx_word' id='word_1_94' title='bbox 1731 825 1827 860; x_wconf 88' lang='lat' dir='ltr'>sunt</span> <span class='ocrx_word' id='word_1_95' title='bbox 1874 821 2090 860; x_wconf 83' lang='lat' dir='ltr'>subarata.</span> 
     </span>
     <span class='ocr_line' id='line_1_11' title="bbox 216 890 2090 932; baseline -0.001 -1"><span class='ocrx_word' id='word_1_96' title='bbox 216 893 441 932; x_wconf 86' lang='lat' dir='ltr'>Bawarus.</span> <span class='ocrx_word' id='word_1_97' title='bbox 491 892 596 931; x_wconf 85' lang='lat' dir='ltr'>Leo.</span> <span class='ocrx_word' id='word_1_98' title='bbox 642 892 791 931; x_wconf 85' lang='lat' dir='ltr'>Blndo.</span> <span class='ocrx_word' id='word_1_99' title='bbox 831 891 975 930; x_wconf 86' lang='lat' dir='ltr'>Zauis.</span> <span class='ocrx_word' id='word_1_100' title='bbox 1022 891 1262 930; x_wconf 89' lang='lat' dir='ltr'>Heinricus.</span> <span class='ocrx_word' id='word_1_101' title='bbox 1310 890 1517 930; x_wconf 85' lang='lat' dir='ltr'>Predbor.</span> <span class='ocrx_word' id='word_1_102' title='bbox 1568 892 1710 931; x_wconf 86' lang='lat' dir='ltr'>Vitko.</span> <span class='ocrx_word' id='word_1_103' title='bbox 1760 891 2090 930; x_wconf 52' lang='lat' dir='ltr'>ufolumnnnus.</span> 
     </span>
     <span class='ocr_line' id='line_1_12' title="bbox 214 959 2090 1001; baseline -0.001 -1"><span class='ocrx_word' id='word_1_104' title='bbox 214 960 491 1001; x_wconf 84' lang='lat' dir='ltr'>Szuliszlaus.</span> <span class='ocrx_word' id='word_1_105' title='bbox 550 960 738 1001; x_wconf 85' lang='lat' dir='ltr'>Szudek.</span> <span class='ocrx_word' id='word_1_106' title='bbox 795 959 1084 1000; x_wconf 86' lang='lat' dir='ltr'>Szimiszlaus.</span> <span class='ocrx_word' id='word_1_107' title='bbox 1138 959 1206 998; x_wconf 88' lang='lat' dir='ltr'>W</span> <span class='ocrx_word' id='word_1_108' title='bbox 1210 959 1276 999; x_wconf 86' lang='lat' dir='ltr'>ok.</span> <span class='ocrx_word' id='word_1_109' title='bbox 1332 959 1438 999; x_wconf 53' lang='lat' dir='ltr'>Tan</span> <span class='ocrx_word' id='word_1_110' title='bbox 1498 960 1748 1000; x_wconf 91' lang='lat' dir='ltr'>Bertherus.</span> <span class='ocrx_word' id='word_1_111' title='bbox 1801 959 2090 999; x_wconf 85' lang='lat' dir='ltr'>Burchardus.</span> 
     </span>
     <span class='ocr_line' id='line_1_13' title="bbox 216 1027 2089 1081; baseline -0.001 -12"><span class='ocrx_word' id='word_1_112' title='bbox 216 1027 523 1069; x_wconf 83' lang='lat' dir='ltr'>Theodericus.</span> <span class='ocrx_word' id='word_1_113' title='bbox 564 1030 718 1069; x_wconf 89' lang='lat' dir='ltr'>Petrus</span> <span class='ocrx_word' id='word_1_114' title='bbox 770 1029 1042 1068; x_wconf 57' lang='lat' dir='ltr'>marscalcus</span> <span class='ocrx_word' id='word_1_115' title='bbox 1088 1029 1242 1067; x_wconf 88' lang='lat' dir='ltr'>Petrus</span> <span class='ocrx_word' id='word_1_116' title='bbox 1282 1027 1388 1068; x_wconf 90' lang='lat' dir='ltr'>filius</span> <span class='ocrx_word' id='word_1_117' title='bbox 1442 1029 1632 1069; x_wconf 83' lang='lat' dir='ltr'>Milhozt.</span> <span class='ocrx_word' id='word_1_118' title='bbox 1680 1030 1835 1069; x_wconf 85' lang='lat' dir='ltr'>Petrus</span> <span class='ocrx_word' id='word_1_119' title='bbox 1875 1030 2089 1081; x_wconf 88' lang='lat' dir='ltr'>pincerna.</span> 
     </span>
     <span class='ocr_line' id='line_1_14' title="bbox 218 1098 2089 1149; baseline -0.002 -11"><span class='ocrx_word' id='word_1_120' title='bbox 218 1098 358 1139; x_wconf 82' lang='lat' dir='ltr'>VVers</span> <span class='ocrx_word' id='word_1_121' title='bbox 392 1099 666 1138; x_wconf 86' lang='lat' dir='ltr'>camerarius.</span> <span class='ocrx_word' id='word_1_122' title='bbox 703 1098 832 1138; x_wconf 90' lang='lat' dir='ltr'>Ones.</span> <span class='ocrx_word' id='word_1_123' title='bbox 858 1098 1074 1137; x_wconf 87' lang='lat' dir='ltr'>Protiucn.</span> <span class='ocrx_word' id='word_1_124' title='bbox 1107 1098 1285 1138; x_wconf 85' lang='lat' dir='ltr'>Nesata.</span> <span class='ocrx_word' id='word_1_125' title='bbox 1315 1098 1573 1149; x_wconf 89' lang='lat' dir='ltr'>Stephanus.</span> <span class='ocrx_word' id='word_1_126' title='bbox 1602 1099 1769 1138; x_wconf 83' lang='lat' dir='ltr'>Vezen.</span> <span class='ocrx_word' id='word_1_127' title='bbox 1795 1098 2089 1139; x_wconf 81' lang='lat' dir='ltr'>Eckehardns.</span> 
     </span>
     <span class='ocr_line' id='line_1_15' title="bbox 214 1167 2089 1219; baseline -0.001 -12"><span class='ocrx_word' id='word_1_128' title='bbox 214 1167 472 1219; x_wconf 84' lang='lat' dir='ltr'>Luppoldus.</span> <span class='ocrx_word' id='word_1_129' title='bbox 505 1169 628 1208; x_wconf 90' lang='lat' dir='ltr'>Hrut.</span> <span class='ocrx_word' id='word_1_130' title='bbox 661 1168 862 1218; x_wconf 80' lang='lat' dir='ltr'>Zlaybor.</span> <span class='ocrx_word' id='word_1_131' title='bbox 904 1168 1076 1206; x_wconf 81' lang='lat' dir='ltr'>Ztonar.</span> <span class='ocrx_word' id='word_1_132' title='bbox 1112 1167 1243 1207; x_wconf 79' lang='lat' dir='ltr'>Zerh.</span> <span class='ocrx_word' id='word_1_133' title='bbox 1286 1168 1515 1218; x_wconf 80' lang='lat' dir='ltr'>Nycolaus.</span> <span class='ocrx_word' id='word_1_134' title='bbox 1554 1168 1884 1208; x_wconf 55' lang='lat' dir='ltr'>XVolurammus.</span> <span class='ocrx_word' id='word_1_135' title='bbox 1926 1167 2089 1207; x_wconf 84' lang='lat' dir='ltr'>Herolt.</span> 
     </span>
     <span class='ocr_line' id='line_1_16' title="bbox 217 1236 2089 1289; baseline -0.001 -12"><span class='ocrx_word' id='word_1_136' title='bbox 217 1238 480 1289; x_wconf 86' lang='lat' dir='ltr'>Dobezstoy.</span> <span class='ocrx_word' id='word_1_137' title='bbox 522 1237 725 1288; x_wconf 82' lang='lat' dir='ltr'>Zlaybor.</span> <span class='ocrx_word' id='word_1_138' title='bbox 767 1236 951 1276; x_wconf 88' lang='lat' dir='ltr'>Marata.</span> <span class='ocrx_word' id='word_1_139' title='bbox 1000 1237 1162 1276; x_wconf 87' lang='lat' dir='ltr'>Dobes.</span> <span class='ocrx_word' id='word_1_140' title='bbox 1203 1237 1396 1288; x_wconf 84' lang='lat' dir='ltr'>Mathey.</span> <span class='ocrx_word' id='word_1_141' title='bbox 1437 1237 1650 1277; x_wconf 84' lang='lat' dir='ltr'>Matheus.</span> <span class='ocrx_word' id='word_1_142' title='bbox 1692 1238 1894 1277; x_wconf 84' lang='lat' dir='ltr'>Mestata.</span> <span class='ocrx_word' id='word_1_143' title='bbox 1936 1237 2089 1276; x_wconf 82' lang='lat' dir='ltr'>Lutoit.</span> 
     </span>
     <span class='ocr_line' id='line_1_17' title="bbox 214 1306 2090 1361; baseline -0.001 -15"><span class='ocrx_word' id='word_1_144' title='bbox 214 1307 362 1357; x_wconf 86' lang='lat' dir='ltr'>Peley.</span> <span class='ocrx_word' id='word_1_145' title='bbox 409 1307 668 1346; x_wconf 54' lang='lat' dir='ltr'>XValtherus</span> <span class='ocrx_word' id='word_1_146' title='bbox 716 1306 918 1345; x_wconf 88' lang='lat' dir='ltr'>decanus.</span> <span class='ocrx_word' id='word_1_147' title='bbox 974 1306 1196 1359; x_wconf 80' lang='lat' dir='ltr'>Magister</span> <span class='ocrx_word' id='word_1_148' title='bbox 1250 1306 1457 1345; x_wconf 88' lang='lat' dir='ltr'>iohannes</span> <span class='ocrx_word' id='word_1_149' title='bbox 1508 1308 1754 1361; x_wconf 79' lang='lat' dir='ltr'>pragensis.</span> <span class='ocrx_word' id='word_1_150' title='bbox 1819 1306 2090 1346; x_wconf 78' lang='lat' dir='ltr'>Radoszlaus</span> 
     </span>
     <span class='ocr_line' id='line_1_18' title="bbox 215 1375 2088 1428; baseline -0.001 -13"><span class='ocrx_word' id='word_1_151' title='bbox 215 1376 554 1415; x_wconf 85' lang='lat' dir='ltr'>archidiaconus.</span> <span class='ocrx_word' id='word_1_152' title='bbox 600 1376 766 1415; x_wconf 87' lang='lat' dir='ltr'>Jurata.</span> <span class='ocrx_word' id='word_1_153' title='bbox 817 1375 1087 1427; x_wconf 86' lang='lat' dir='ltr'>Apollinaris.</span> <span class='ocrx_word' id='word_1_154' title='bbox 1137 1375 1335 1414; x_wconf 74' lang='lat' dir='ltr'>Thomas.</span> <span class='ocrx_word' id='word_1_155' title='bbox 1390 1375 1602 1416; x_wconf 83' lang='lat' dir='ltr'>Sdizlaus.</span> <span class='ocrx_word' id='word_1_156' title='bbox 1650 1377 1871 1428; x_wconf 82' lang='lat' dir='ltr'>Hylarius.</span> <span class='ocrx_word' id='word_1_157' title='bbox 1921 1376 2088 1415; x_wconf 43' lang='lat' dir='ltr'>Petrus</span> 
     </span>
     <span class='ocr_line' id='line_1_19' title="bbox 216 1444 2088 1496; baseline -0.001 -11"><span class='ocrx_word' id='word_1_158' title='bbox 216 1444 436 1486; x_wconf 84' lang='lat' dir='ltr'>Gottebor.</span> <span class='ocrx_word' id='word_1_159' title='bbox 475 1445 620 1484; x_wconf 85' lang='lat' dir='ltr'>Zauis.</span> <span class='ocrx_word' id='word_1_160' title='bbox 663 1445 837 1484; x_wconf 90' lang='lat' dir='ltr'>Demitr.</span> <span class='ocrx_word' id='word_1_161' title='bbox 880 1444 1022 1483; x_wconf 79' lang='lat' dir='ltr'>Vitko.</span> <span class='ocrx_word' id='word_1_162' title='bbox 1063 1444 1255 1484; x_wconf 84' lang='lat' dir='ltr'>llartleb.</span> <span class='ocrx_word' id='word_1_163' title='bbox 1288 1444 1509 1496; x_wconf 69' lang='lat' dir='ltr'>Budyuoy.</span> <span class='ocrx_word' id='word_1_164' title='bbox 1544 1445 1708 1484; x_wconf 83' lang='lat' dir='ltr'>Adlart.</span> <span class='ocrx_word' id='word_1_165' title='bbox 1741 1445 1885 1485; x_wconf 85' lang='lat' dir='ltr'>Janik.</span> <span class='ocrx_word' id='word_1_166' title='bbox 1920 1445 2088 1484; x_wconf 83' lang='lat' dir='ltr'>Doben.</span> 
     </span>
     <span class='ocr_line' id='line_1_20' title="bbox 216 1514 2090 1565; baseline -0.001 -11"><span class='ocrx_word' id='word_1_167' title='bbox 216 1515 378 1554; x_wconf 89' lang='lat' dir='ltr'>Victor.</span> <span class='ocrx_word' id='word_1_168' title='bbox 420 1514 653 1565; x_wconf 84' lang='lat' dir='ltr'>Neosztup.</span> <span class='ocrx_word' id='word_1_169' title='bbox 695 1514 929 1565; x_wconf 89' lang='lat' dir='ltr'>Depoldus.</span> <span class='ocrx_word' id='word_1_170' title='bbox 976 1514 1250 1553; x_wconf 85' lang='lat' dir='ltr'>Wilhalmus.</span> <span class='ocrx_word' id='word_1_171' title='bbox 1314 1514 1426 1552; x_wconf 88' lang='lat' dir='ltr'>Acta</span> <span class='ocrx_word' id='word_1_172' title='bbox 1473 1518 1569 1553; x_wconf 89' lang='lat' dir='ltr'>sunt</span> <span class='ocrx_word' id='word_1_173' title='bbox 1612 1515 1691 1553; x_wconf 91' lang='lat' dir='ltr'>hec</span> <span class='ocrx_word' id='word_1_174' title='bbox 1733 1527 1842 1554; x_wconf 88' lang='lat' dir='ltr'>anno</span> <span class='ocrx_word' id='word_1_175' title='bbox 1887 1514 2090 1553; x_wconf 88' lang='lat' dir='ltr'>dominice</span> 
     </span>
     <span class='ocr_line' id='line_1_21' title="bbox 214 1581 2091 1624; baseline -0.002 0"><span class='ocrx_word' id='word_1_176' title='bbox 214 1585 525 1624; x_wconf 88' lang='lat' dir='ltr'>incarnacionis</span> <span class='ocrx_word' id='word_1_177' title='bbox 559 1583 619 1622; x_wconf 90' lang='lat' dir='ltr'>M.</span> <span class='ocrx_word' id='word_1_178' title='bbox 654 1581 744 1624; x_wconf 92' lang='lat' dir='ltr'>CC.</span> <span class='ocrx_word' id='word_1_179' title='bbox 778 1584 943 1622; x_wconf 83' lang='lat' dir='ltr'>VlilX.</span> <span class='ocrx_word' id='word_1_180' title='bbox 976 1583 1031 1622; x_wconf 90' lang='lat' dir='ltr'>V.</span> <span class='ocrx_word' id='word_1_181' title='bbox 1064 1583 1162 1621; x_wconf 84' lang='lat' dir='ltr'>Kal.</span> <span class='ocrx_word' id='word_1_182' title='bbox 1203 1583 1309 1622; x_wconf 89' lang='lat' dir='ltr'>maii.</span> <span class='ocrx_word' id='word_1_183' title='bbox 1374 1583 1585 1622; x_wconf 86' lang='lat' dir='ltr'>Presente</span> <span class='ocrx_word' id='word_1_184' title='bbox 1626 1583 1815 1624; x_wconf 75' lang='lat' dir='ltr'>Ruherlo</span> <span class='ocrx_word' id='word_1_185' title='bbox 1856 1583 2091 1623; x_wconf 89' lang='lat' dir='ltr'>uenerabili</span> 
     </span>
     <span class='ocr_line' id='line_1_22' title="bbox 217 1651 2089 1706; baseline -0.002 -13"><span class='ocrx_word' id='word_1_186' title='bbox 217 1654 402 1694; x_wconf 88' lang='lat' dir='ltr'>ecclesie</span> <span class='ocrx_word' id='word_1_187' title='bbox 437 1653 726 1693; x_wconf 89' lang='lat' dir='ltr'>Olomucensis</span> <span class='ocrx_word' id='word_1_188' title='bbox 761 1653 974 1703; x_wconf 87' lang='lat' dir='ltr'>episcopo.</span> <span class='ocrx_word' id='word_1_189' title='bbox 1009 1653 1244 1706; x_wconf 85' lang='lat' dir='ltr'>Regnante</span> <span class='ocrx_word' id='word_1_190' title='bbox 1278 1653 1318 1690; x_wconf 91' lang='lat' dir='ltr'>in</span> <span class='ocrx_word' id='word_1_191' title='bbox 1351 1652 1566 1691; x_wconf 86' lang='lat' dir='ltr'>Bohemia.</span> <span class='ocrx_word' id='word_1_192' title='bbox 1594 1651 1853 1692; x_wconf 65' lang='lat' dir='ltr'>oasim-Icaro</span> <span class='ocrx_word' id='word_1_193' title='bbox 1886 1652 2089 1706; x_wconf 80' lang='lat' dir='ltr'>glorioso.</span> 
     </span>
     <span class='ocr_line' id='line_1_23' title="bbox 216 1721 2090 1776; baseline -0.002 -14"><span class='ocrx_word' id='word_1_194' title='bbox 216 1723 340 1762; x_wconf 90' lang='lat' dir='ltr'>Anno</span> <span class='ocrx_word' id='word_1_195' title='bbox 375 1733 477 1762; x_wconf 88' lang='lat' dir='ltr'>uero</span> <span class='ocrx_word' id='word_1_196' title='bbox 519 1723 646 1776; x_wconf 84' lang='lat' dir='ltr'>regni</span> <span class='ocrx_word' id='word_1_197' title='bbox 681 1722 758 1761; x_wconf 86' lang='lat' dir='ltr'>sui.</span> <span class='ocrx_word' id='word_1_198' title='bbox 799 1721 899 1761; x_wconf 87' lang='lat' dir='ltr'>VX.</span> <span class='ocrx_word' id='word_1_199' title='bbox 934 1722 1002 1773; x_wconf 86' lang='lat' dir='ltr'>qui</span> <span class='ocrx_word' id='word_1_200' title='bbox 1043 1722 1175 1760; x_wconf 88' lang='lat' dir='ltr'>eciam</span> <span class='ocrx_word' id='word_1_201' title='bbox 1210 1721 1484 1760; x_wconf 87' lang='lat' dir='ltr'>donacionem</span> <span class='ocrx_word' id='word_1_202' title='bbox 1526 1725 1803 1772; x_wconf 83' lang='lat' dir='ltr'>pretaxatam.</span> <span class='ocrx_word' id='word_1_203' title='bbox 1845 1733 1928 1760; x_wconf 92' lang='lat' dir='ltr'>non</span> <span class='ocrx_word' id='word_1_204' title='bbox 1960 1721 2090 1760; x_wconf 91' lang='lat' dir='ltr'>solum</span> 
     </span>
     <span class='ocr_line' id='line_1_24' title="bbox 216 1790 2090 1846; baseline -0.002 -15"><span class='ocrx_word' id='word_1_205' title='bbox 216 1795 425 1843; x_wconf 88' lang='lat' dir='ltr'>potestate</span> <span class='ocrx_word' id='word_1_206' title='bbox 458 1803 536 1831; x_wconf 88' lang='lat' dir='ltr'>sua</span> <span class='ocrx_word' id='word_1_207' title='bbox 569 1792 712 1846; x_wconf 84' lang='lat' dir='ltr'>regia.</span> <span class='ocrx_word' id='word_1_208' title='bbox 753 1802 897 1830; x_wconf 91' lang='lat' dir='ltr'>uerum</span> <span class='ocrx_word' id='word_1_209' title='bbox 931 1791 1062 1829; x_wconf 92' lang='lat' dir='ltr'>eciam</span> <span class='ocrx_word' id='word_1_210' title='bbox 1103 1790 1477 1829; x_wconf 82' lang='lat' dir='ltr'>consuetudinaria</span> <span class='ocrx_word' id='word_1_211' title='bbox 1510 1791 1645 1829; x_wconf 84' lang='lat' dir='ltr'>tocius</span> <span class='ocrx_word' id='word_1_212' title='bbox 1686 1790 1889 1830; x_wconf 90' lang='lat' dir='ltr'>Bohemie</span> <span class='ocrx_word' id='word_1_213' title='bbox 1922 1790 2090 1829; x_wconf 80' lang='lat' dir='ltr'>iusticia</span> 
     </span>
     <span class='ocr_line' id='line_1_25' title="bbox 217 1859 1636 1911; baseline -0.002 -10"><span class='ocrx_word' id='word_1_214' title='bbox 217 1859 486 1901; x_wconf 89' lang='lat' dir='ltr'>confirmauit.</span> <span class='ocrx_word' id='word_1_215' title='bbox 520 1861 745 1901; x_wconf 86' lang='lat' dir='ltr'>cuiuslibet</span> <span class='ocrx_word' id='word_1_216' title='bbox 777 1861 1053 1911; x_wconf 86' lang='lat' dir='ltr'>excepcionis</span> <span class='ocrx_word' id='word_1_217' title='bbox 1087 1859 1324 1911; x_wconf 86' lang='lat' dir='ltr'>scrupulum</span> <span class='ocrx_word' id='word_1_218' title='bbox 1358 1859 1636 1898; x_wconf 81' lang='lat' dir='ltr'>excludendo.</span> 
     </span>
    </p>
   </div>
   <div class='ocr_carea' id='block_1_2' title="bbox 527 1942 1400 1986">
    <p class='ocr_par' dir='ltr' id='par_1_2' title="bbox 527 1942 1400 1986">
     <span class='ocr_line' id='line_1_26' title="bbox 527 1942 1400 1986; baseline -0.001 -11"><span class='ocrx_word' id='word_1_219' title='bbox 527 1944 582 1976; x_wconf 81' lang='lat' dir='ltr'>Ex</span> <span class='ocrx_word' id='word_1_220' title='bbox 606 1943 801 1986; x_wconf 80' lang='lat' dir='ltr'>originali</span> <span class='ocrx_word' id='word_1_221' title='bbox 824 1944 856 1974; x_wconf 92' lang='lat' dir='ltr'>in</span> <span class='ocrx_word' id='word_1_222' title='bbox 879 1944 970 1974; x_wconf 85' lang='lat' dir='ltr'>curia</span> <span class='ocrx_word' id='word_1_223' title='bbox 994 1943 1198 1974; x_wconf 83' lang='lat' dir='ltr'>Brunensi</span> <span class='ocrx_word' id='word_1_224' title='bbox 1222 1943 1343 1973; x_wconf 76' lang='lat' dir='ltr'>scrinio</span> <span class='ocrx_word' id='word_1_225' title='bbox 1367 1942 1400 1974; x_wconf 91' lang='lat' dir='ltr'>J.</span> 
     </span>
    </p>
   </div>
   <div class='ocr_carea' id='block_1_3' title="bbox 1073 2091 1233 2133">
    <p class='ocr_par' dir='ltr' id='par_1_3' title="bbox 1073 2091 1233 2133">
     <span class='ocr_line' id='line_1_27' title="bbox 1073 2091 1233 2133; baseline -0.006 -1"><span class='ocrx_word' id='word_1_226' title='bbox 1073 2091 1155 2133; x_wconf 90' lang='lat' dir='ltr'>XC</span> <span class='ocrx_word' id='word_1_227' title='bbox 1163 2093 1233 2132; x_wconf 87' lang='lat'>111.</span> 
     </span>
    </p>
   </div>
   <div class='ocr_carea' id='block_1_4' title="bbox 221 2185 2089 2379">
    <p class='ocr_par' dir='ltr' id='par_1_4' title="bbox 221 2185 2089 2379">
     <span class='ocr_line' id='line_1_28' title="bbox 223 2185 2087 2241; baseline -0.002 -13"><span class='ocrx_word' id='word_1_228' title='bbox 223 2187 452 2239; x_wconf 61' lang='grc' dir='ltr'>ΟΙαΙτανηε,</span> <span class='ocrx_word' id='word_1_229' title='bbox 486 2189 556 2239; x_wconf 80' lang='lat' dir='ltr'>qui</span> <span class='ocrx_word' id='word_1_230' title='bbox 588 2191 627 2227; x_wconf 79' lang='lat' dir='ltr'>ei</span> <span class='ocrx_word' id='word_1_231' title='bbox 659 2186 871 2241; x_wconf 53' lang='lat' dir='ltr'>Pfemysl,</span> <span class='ocrx_word' id='word_1_232' title='bbox 898 2189 1155 2228; x_wconf 81' lang='lat' dir='ltr'>Boemorum</span> <span class='ocrx_word' id='word_1_233' title='bbox 1190 2199 1286 2233; x_wconf 59' lang='lat' dir='ltr'>rem,</span> <span class='ocrx_word' id='word_1_234' title='bbox 1312 2186 1529 2238; x_wconf 75' lang='lat' dir='ltr'>Stephano</span> <span class='ocrx_word' id='word_1_235' title='bbox 1563 2186 1822 2237; x_wconf 70' lang='lat' dir='ltr'>buryyrario</span> <span class='ocrx_word' id='word_1_236' title='bbox 1855 2186 1907 2226; x_wconf 83' lang='lat' dir='ltr'>de</span> <span class='ocrx_word' id='word_1_237' title='bbox 1938 2185 2087 2226; x_wconf 69' lang='lat' dir='ltr'>Mika-</span> 
     </span>
     <span class='ocr_line' id='line_1_29' title="bbox 221 2255 2089 2308; baseline -0.002 -11"><span class='ocrx_word' id='word_1_238' title='bbox 221 2257 313 2308; x_wconf 74' lang='lat' dir='ltr'>low‚</span> <span class='ocrx_word' id='word_1_239' title='bbox 340 2256 566 2296; x_wconf 76' lang='lat' dir='ltr'>libertatem</span> <span class='ocrx_word' id='word_1_240' title='bbox 598 2258 642 2296; x_wconf 78' lang='lat' dir='ltr'>in</span> <span class='ocrx_word' id='word_1_241' title='bbox 668 2256 786 2296; x_wconf 74' lang='lat' dir='ltr'>bonis</span> <span class='ocrx_word' id='word_1_242' title='bbox 812 2257 997 2297; x_wconf 83' lang='lat' dir='ltr'>Medlow</span> <span class='ocrx_word' id='word_1_243' title='bbox 1030 2260 1068 2296; x_wconf 78' lang='lat' dir='ltr'>el</span> <span class='ocrx_word' id='word_1_244' title='bbox 1098 2257 1198 2296; x_wconf 73' lang='lat' dir='ltr'>aliis</span> <span class='ocrx_word' id='word_1_245' title='bbox 1231 2257 1321 2308; x_wconf 64' lang='lat' dir='ltr'>ejvs</span> <span class='ocrx_word' id='word_1_246' title='bbox 1355 2255 1653 2295; x_wconf 62' lang='lat' dir='ltr'>hereditatibus·</span> <span class='ocrx_word' id='word_1_247' title='bbox 1679 2257 1763 2307; x_wconf 70' lang='lat' dir='ltr'>ipsi</span> <span class='ocrx_word' id='word_1_248' title='bbox 1796 2269 1820 2294; x_wconf 82' lang='grc' dir='ltr'>(ι</span> <span class='ocrx_word' id='word_1_249' title='bbox 1853 2255 2089 2295; x_wconf 64' lang='grc' dir='ltr'>ΠἼαάἱ3ηω</span> 
     </span>
     <span class='ocr_line' id='line_1_30' title="bbox 281 2323 2027 2379; baseline -0.001 -14"><span class='ocrx_word' id='word_1_250' title='bbox 281 2325 528 2365; x_wconf 74' lang='lat' dir='ltr'>marchione</span> <span class='ocrx_word' id='word_1_251' title='bbox 550 2325 804 2365; x_wconf 75' lang='lat' dir='ltr'>hereditarie</span> <span class='ocrx_word' id='word_1_252' title='bbox 826 2338 1073 2366; x_wconf 75' lang='lat' dir='ltr'>concessam</span> <span class='ocrx_word' id='word_1_253' title='bbox 1099 2326 1329 2379; x_wconf 73' lang='lat' dir='ltr'>confirmat.</span> <span class='ocrx_word' id='word_1_254' title='bbox 1371 2325 1477 2364; x_wconf 67' lang='grc' dir='ltr'>Λεία</span> <span class='ocrx_word' id='word_1_255' title='bbox 1508 2325 1554 2364; x_wconf 76' lang='grc' dir='ltr'><strong>Γ.</strong></span> <span class='ocrx_word' id='word_1_256' title='bbox 1583 2325 1685 2364; x_wconf 78' lang='lat' dir='ltr'>Kal.</span> <span class='ocrx_word' id='word_1_257' title='bbox 1712 2326 1836 2377; x_wconf 69' lang='lat' dir='ltr'>quji,</span> <span class='ocrx_word' id='word_1_258' title='bbox 1876 2323 2027 2364; x_wconf 70' lang='lat'>1218.</span> 
     </span>
    </p>
   </div>
   <div class='ocr_carea' id='block_1_5' title="bbox 222 2396 2087 2539">
    <p class='ocr_par' dir='ltr' id='par_1_5' title="bbox 222 2396 2087 2539">
     <span class='ocr_line' id='line_1_31' title="bbox 349 2396 2083 2467; baseline -0.002 -10"><span class='ocrx_word' id='word_1_259' title='bbox 349 2396 410 2457; x_wconf 82' lang='lat' dir='ltr'>In</span> <span class='ocrx_word' id='word_1_260' title='bbox 443 2416 606 2455; x_wconf 90' lang='lat' dir='ltr'>nomine</span> <span class='ocrx_word' id='word_1_261' title='bbox 639 2420 788 2456; x_wconf 84' lang='lat' dir='ltr'>sancte</span> <span class='ocrx_word' id='word_1_262' title='bbox 829 2421 870 2457; x_wconf 89' lang='lat' dir='ltr'>ct</span> <span class='ocrx_word' id='word_1_263' title='bbox 903 2416 1115 2455; x_wconf 73' lang='lat' dir='ltr'>indiuiduo</span> <span class='ocrx_word' id='word_1_264' title='bbox 1155 2416 1363 2456; x_wconf 86' lang='lat' dir='ltr'>trinitatis.</span> <span class='ocrx_word' id='word_1_265' title='bbox 1432 2416 1655 2455; x_wconf 77' lang='lat' dir='ltr'>Olacarus.</span> <span class='ocrx_word' id='word_1_266' title='bbox 1697 2417 1768 2467; x_wconf 72' lang='lat' dir='ltr'>qai</span> <span class='ocrx_word' id='word_1_267' title='bbox 1808 2418 1848 2454; x_wconf 79' lang='lat' dir='ltr'>et</span> <span class='ocrx_word' id='word_1_268' title='bbox 1883 2415 2083 2467; x_wconf 57' lang='lat' dir='ltr'>Primis-l.</span> 
     </span>
     <span class='ocr_line' id='line_1_32' title="bbox 222 2482 2087 2539; baseline -0.001 -15"><span class='ocrx_word' id='word_1_269' title='bbox 222 2485 287 2524; x_wconf 89' lang='lat' dir='ltr'>dei</span> <span class='ocrx_word' id='word_1_270' title='bbox 315 2486 466 2539; x_wconf 84' lang='lat' dir='ltr'>gracia</span> <span class='ocrx_word' id='word_1_271' title='bbox 489 2485 724 2525; x_wconf 87' lang='lat' dir='ltr'>boemorum</span> <span class='ocrx_word' id='word_1_272' title='bbox 745 2496 836 2524; x_wconf 86' lang='lat' dir='ltr'>rex.</span> <span class='ocrx_word' id='word_1_273' title='bbox 879 2483 1103 2539; x_wconf 78' lang='lat' dir='ltr'>Contingit</span> <span class='ocrx_word' id='word_1_274' title='bbox 1120 2485 1361 2536; x_wconf 80' lang='lat' dir='ltr'>plerumque</span> <span class='ocrx_word' id='word_1_275' title='bbox 1382 2482 1493 2524; x_wconf 83' lang='lat' dir='ltr'>sacta</span> <span class='ocrx_word' id='word_1_276' title='bbox 1519 2485 1744 2536; x_wconf 87' lang='lat' dir='ltr'>principum</span> <span class='ocrx_word' id='word_1_277' title='bbox 1773 2488 1814 2524; x_wconf 87' lang='grc'>01</span> <span class='ocrx_word' id='word_1_278' title='bbox 1841 2484 2087 2524; x_wconf 86' lang='lat' dir='ltr'>donationes</span> 
     </span>
    </p>
   </div>
  </div>
 </body>
</html>
