2212 2876
1082 86 1187 127 266

198 245 334 272 rarum
368 231 601 272 testimonio
635 228 935 269 commendent.
998 228 1299 269 Modernorum
1332 228 1476 280 itaque
1515 238 1568 266 ac
1603 230 1863 278 posterorum
1895 227 2068 267 uniuer-

197 302 275 341 sali
310 302 462 341 noticie
496 300 761 352 presencium
801 298 1070 338 exhibicione
1104 297 1297 337 duximus
1341 296 1652 344 declarandum.
1687 296 1796 347 quod
1830 308 1906 336 nos
1939 307 2068 336 reno-

195 375 347 410 uantes
389 381 546 409 omnem
594 369 826 408 libertatem
870 367 1063 406 collatam
1113 379 1136 406 a
1178 367 1526 421 progenitoribus
1575 367 1731 406 nostris
1771 367 1977 407 aduocato
2018 361 2069 407 ac

197 440 359 480 ciuibus
394 440 434 477 in
468 438 677 477 vnichow.
719 448 773 476 ea
805 439 899 475 rata
931 440 1080 475 tenere
1122 436 1386 475 decreuimus
1421 447 1501 488 que
1536 436 1577 475 in
1609 437 1731 475 nouis
1764 437 1856 475 siue
1889 437 2069 488 antiquis

198 509 379 560 ipsorum
402 507 652 560 >priuilegiis
685 509 782 545 sunt
815 515 1039 555 expressa.
1095 505 1312 544 Adicimus
1347 505 1477 545 eciam
1511 507 1554 543 ut
1588 504 1832 555 quicumque
1864 506 2071 559 magister

195 582 440 617 uenatorum
488 587 565 627 pro
613 579 800 626 tempore
850 573 986 613 suerit.
1037 574 1154 613 ciues
1200 574 1511 625 prenominatos
1561 574 1790 613 occasione
1840 573 1938 612 ville
1988 585 2068 625 que

198 646 376 686 erelez
417 645 656 699 uulgariter
695 643 942 695 appellatur.
989 643 1226 682 nullatenus
1267 644 1503 694 inquietare
1544 645 1758 693 presumat
1797 653 1877 682 nec
1916 643 2070 695 aliquid

197 716 429 766 importune
463 714 517 753 ab
545 713 703 753 eisdem
729 712 915 766 exigere
941 715 1085 763 preter
1111 714 1304 752 statutam
1331 714 1372 751 et
1395 712 1588 750 usitatam
1613 723 1789 751 annuam
1812 712 2069 763 pensionem.

195 783 441 823 lnhibemus'
471 785 600 823 eciam
633 793 688 821 ne
723 786 850 821 extra
883 781 1134 821 territorium
1169 794 1286 821 suum
1319 781 1373 820 ad
1400 781 1540 820 aliena
1573 780 1728 820 iudicia
1760 781 2071 832 pertrahantur.

196 853 273 892 sed
313 852 542 892 secundum
581 851 910 891 consuetudines
943 862 1043 889 suas
1086 852 1127 889 in
1168 851 1265 890 uilla
1307 850 1597 900 prenominata
1637 849 1867 889 exhibeant
1906 850 2070 889 iusticie

196 922 548 972 complementum.
590 931 641 960 eo
675 923 870 971 excepte.
911 923 956 959 ut
987 921 1024 959 si
1056 918 1164 959 sorte
1204 920 1319 970 ipsos
1354 919 1479 958 alicui
1519 920 1559 958 in
1594 922 1738 958 nostro
1771 919 1922 958 iudicio
1964 930 2069 958 con-

195 991 343 1031 uenire
384 991 593 1042 placuerit
633 990 922 1040 respondeant
968 1001 1108 1028 coram
1148 989 1282 1028 nohis.
1346 988 1393 1027 Id
1434 991 1565 1027 eciam
1610 989 1861 1039 precipimus
1901 987 2069 1028 firmiter

197 1061 432 1100 obseruari.
468 1071 520 1098 ne
562 1060 604 1098 in
638 1060 812 1098 circuitu
847 1058 1065 1109 sepedicte
1107 1058 1205 1097 uille
1239 1057 1291 1097 ad
1325 1058 1484 1096 miliare
1517 1069 1639 1096 unum
1673 1058 1821 1109 aliquis
1854 1058 2071 1097 tabernam

197 1129 357 1168 habere
392 1132 614 1180 presumat.
653 1128 723 1167 uel
754 1127 951 1167 uictualia
985 1128 1027 1165 in
1060 1127 1259 1166 carnibus
1302 1128 1394 1166 siue
1426 1128 1468 1166 in
1502 1138 1611 1178 pane
1644 1126 1833 1166 uendere
1867 1138 1945 1166 seu
1977 1127 2070 1166 aliis

197 1198 538 1250 quibuscumque.
602 1197 831 1238 Statuimus
874 1197 1047 1247 insuper
1079 1207 1132 1235 ne
1176 1195 1366 1235 aurisode
1401 1197 1468 1247 qui
1508 1196 1629 1235 nobis
1663 1196 1912 1235 decimarum
1952 1196 2069 1236 solu-

196 1268 318 1307 cione
356 1270 566 1306 tenentur.
607 1266 821 1306 habitandi
863 1277 942 1305 seu
981 1266 1112 1305 eciam
1152 1265 1428 1316 pernoctandi
1476 1276 1609 1304 causa
1649 1265 1702 1304 ad
1734 1266 1856 1304 uillas
1889 1266 2070 1305 circum-

195 1338 386 1376 iacentes
427 1334 639 1390 refugium
678 1335 841 1375 habere
883 1338 1136 1386 presumant.
1200 1334 1310 1375 Sunt
1351 1337 1488 1373 autem
1529 1335 1692 1375 termini
1732 1334 1919 1374 eiusdem
1957 1334 2068 1374 uille.

194 1418 219 1446 a
257 1406 377 1445 metis
417 1405 592 1445 Boemie
631 1416 766 1457 usque
810 1404 863 1444 ad
908 1403 1111 1443 dimidium
1150 1402 1299 1443 flumen
1342 1403 1450 1455 quod
1483 1404 1678 1443 Morauiz
1720 1406 1994 1454 nuncupatur.
2028 1408 2069 1443 et

195 1475 248 1515 ab
283 1475 430 1515 eodem
462 1472 624 1514 ssumine
658 1474 711 1514 ad
745 1473 856 1513 aliud
882 1472 1031 1513 flumen
1064 1473 1267 1513 dimidium
1301 1472 1409 1525 quod
1435 1473 1622 1512 Biztrize
1655 1476 1841 1513 uocatur.
1876 1476 1918 1512 et
1950 1483 2070 1512 omne

194 1556 338 1599 genus
377 1544 634 1584 metallorum
682 1544 792 1583 intra
839 1543 1054 1595 predictos
1102 1544 1300 1583 terminos
1349 1543 1403 1583 ad
1457 1543 1590 1593 ipsam
1630 1543 1768 1582 uillam
1810 1542 1929 1582 saluo
1978 1543 2068 1582 iure

197 1619 341 1654 nostro
377 1614 606 1653 dinoscitur
631 1614 857 1664 pertinere.
906 1612 966 1652 Vt
998 1617 1131 1652 autem
1158 1611 1387 1651 secundum
1421 1610 1589 1651 sormam
1617 1612 1892 1663 prescriptam
1925 1615 2069 1650 nostra

195 1688 514 1734 nostrorumque
565 1683 885 1737 progenitorum
931 1682 1156 1721 concessio
1198 1681 1326 1720 robur
1373 1681 1560 1720 obtineat
1602 1684 1806 1732 perpetue
1854 1678 2068 1720 firmitatis,

197 1755 435 1804 presentem
477 1753 678 1806 paginam
728 1751 860 1805 sigilli
901 1751 1032 1790 nostri
1080 1750 1300 1790 munimine
1340 1749 1604 1788 decreuimus
1654 1749 1864 1803 insigniri.
1907 1750 2070 1789 testium

196 1822 513 1872 subscripcione
546 1820 745 1860 adhibita.
780 1832 950 1871 quorum
984 1820 1148 1858 nomina
1179 1820 1220 1858 in
1255 1819 1530 1870 sequentibus
1564 1819 1841 1857 continentur.
1903 1818 2069 1859 Szemi-

197 1892 314 1930 zlaus
355 1891 627 1929 camerarius.
670 1888 847 1929 XVokco
888 1888 1150 1942 burgrabius
1191 1888 1243 1927 de
1285 1887 1469 1927 Gradez.
1514 1886 1734 1927 Gerardus
1774 1885 2070 1927 beneficiarius

198 1960 250 1999 de
283 1960 475 1999 Prerow.
509 1958 686 1998 Buzzen
720 1958 861 1998 iudex.
884 1957 1118 1997 Preborius
1152 1956 1204 1996 de
1240 1956 1397 1996 Ohran.
1427 1956 1555 1996 Onso.
1589 1956 1754 1995 Victor.
1779 1956 1925 1995 Bludo.
1959 1956 2070 1995 Pro-

196 2034 325 2079 tyuen
367 2026 541 2080 dapifer.
584 2027 762 2068 Bochko
804 2026 1156 2066 subcamerarius.
1196 2025 1428 2064 Hartlebus
1469 2022 1730 2076 subdapiser.
1768 2024 2069 2067 Marewardus

197 2097 469 2137 marscalcus.
500 2098 761 2150 Dyrsicraus
786 2096 996 2150 magister
1015 2106 1221 2134 cocorum.
1247 2094 1471 2134 ,Iohannes
1498 2093 1550 2133 de
1578 2094 1848 2133 ufisseiioxv.
1874 2094 2069 2133 Thomas.

198 2166 496 2206 Marcwardus
531 2166 795 2205 sacerdotes.
858 2166 971 2205 Acta
1011 2167 1107 2203 sunt
1140 2164 1219 2203 hec
1260 2175 1369 2202 anno
1404 2163 1556 2216 gracie
1589 2163 1650 2202 Μ.
1677 2160 1767 2203 CC.
1796 2162 1939 2202 XXX.
1970 2162 2068 2201 1111.

201 2235 432 2275 lndictione
469 2235 586 2274 vill.
643 2236 796 2275 Datum
830 2235 871 2274 in
905 2233 1090 2273 Olomuc.
1124 2243 1200 2284 per
1232 2243 1378 2273 manus
1406 2232 1571 2283 Hylai-ii
1605 2231 1755 2272 notarii
1778 2231 1941 2271 xvlll.
1974 2231 2068 2271 Ka-

200 2304 346 2344 lendas
380 2304 655 2354 Septembris.

510 2402 564 2436 Ex
587 2403 781 2445 originali
806 2401 954 2444 ejusdem
979 2402 1133 2437 civitatis
