2212 2876
1004 92 1204 154 med

969 234 1132 277 XCIX.

250 295 501 368 otakarus,
534 315 798 354 Boemorum-
823 324 917 367 rex,
950 314 1139 353 Honorio
1180 323 1316 364 papae
1349 312 1424 351 111.
1464 312 1582 352 mittit
1613 309 1782 352 formam
1814 322 1987 363 compo-

115 383 280 424 sitionis
314 395 405 422 cum
446 384 647 434 episcopo
681 384 898 437 Pragensi
938 393 1016 434 per
1049 383 1291 434 episcopum
1333 381 1691 434 Ratisponensem
1722 380 1988 434 abbatesque

114 450 268 494 factae.
305 452 353 494 S.
388 452 427 492 d.
461 452 672 504 (1219).

427 551 582 584 Ibidem
604 569 648 575 -
672 552 768 592 epist.
792 549 883 583 301.

1026 690 1077 733 C.

243 751 447 814 Premizl
496 781 576 810 rex
624 770 872 810 Boemorum
921 799 931 809 .
974 800 984 808 .
1026 799 1035 809 .
1079 770 1265 809 claustro
1316 768 1575 809 Milevcensi
1615 768 1667 808 ob
1707 769 1986 810 interuentum

114 840 314 894 coniugis
355 838 628 892 Constancie‚
670 838 964 879 intercedente
1008 850 1173 891 quoque
1207 838 1359 877 dilecto
1400 848 1608 891 germano
1648 848 1725 877 suo
1766 837 1986 878 Vladislao

112 909 360 949 marchione
398 909 597 949 Morame
637 913 678 948 et
718 906 944 947 Oscirnino
985 908 1217 948 camerario
1267 911 1310 946 et
1349 907 1500 946 Ztibor
1538 905 1676 947 iudice
1715 907 1833 947 curie
1871 935 1881 946 .
1923 935 1933 947 .
1973 936 1984 948 .

113 978 251 1017 villam
284 977 497 1030 Bogeniz⁷
540 989 661 1028 quam
693 977 829 1017 abbas
871 976 1081 1018 Gerlacus
1116 989 1190 1028 pro
1231 975 1315 1018 CX
1346 976 1499 1016 marcis
1539 975 1593 1015 ab
1628 976 1719 1026 ipso
1754 976 1984 1031 obligatam

113 1047 259 1100 tenuit⁷
293 1045 406 1086 dedit
438 1045 697 1086 hereditarie
731 1046 1040 1098 possidendam.
1094 1047 1245 1086 Datum
1280 1047 1319 1085 in
1353 1046 1467 1085 Knin
1501 1058 1540 1085 a.
1569 1044 1608 1084 d.
1640 1045 1702 1085 M.
1737 1042 1829 1086 CC.
1862 1044 1984 1086 XIX.

115 1115 381 1167 presentibus
415 1113 506 1154 filiis
540 1115 690 1154 domini
723 1115 847 1170 regis
889 1116 1142 1155 wencezlao
1175 1119 1213 1154 et
1250 1114 1453 1156 Vadis-Iao
1486 1143 1496 1154 .
1530 1143 1541 1153 .
1575 1143 1585 1154 .

425 1215 591 1247 Analecta
614 1215 652 1247 F.
677 1214 865 1256 Palacky
889 1224 931 1246 ex
955 1215 1149 1257 originali
1174 1215 1302 1247 archivi
1325 1214 1618 1246 Worlicensis.

1017 1381 1088 1423 (Ἰ.

246 1440 477 1504 otakarus
525 1460 726 1500 Bohemie
775 1471 855 1499 rex
902 1490 912 1499 .
962 1489 972 1499 .
1022 1459 1292 1500 Zaliradkam
1334 1463 1377 1499 et
1416 1460 1633 1499 circuitum
1675 1458 1853 1499 eundem
1892 1469 1985 1499 cum

113 1528 323 1568 uniuersis
364 1530 646 1583 pertinentiis,
694 1529 834 1582 siluis,
877 1530 1028 1583 pratis,
1075 1530 1218 1582 aquis7
1268 1528 1376 1567 villis
1428 1529 1615 1568 ecclesie
1663 1527 1983 1582 assignauimus

113 1598 495 1653 VVissegradensi.
546 1600 599 1639 Et
633 1610 686 1638 ne
719 1599 799 1638 lioc
833 1599 1018 1638 ecclesie
1051 1598 1241 1650 predicte
1275 1601 1422 1648 posset
1454 1596 1644 1652 infringi,
1677 1596 1781 1636 filios
1814 1599 1982 1637 nostros

123 1667 416 1708 W'enceslamn
449 1671 488 1706 et
526 1667 807 1707 vsVladislaum
839 1669 1020 1707 misimus
1054 1667 1107 1706 ad
1141 1666 1418 1706 denotandum
1452 1670 1494 1706 et
1526 1665 1862 1706 circumeundum
1895 1666 1981 1705 cir-

114 1736 263 1776 cuitum
297 1748 387 1775 cum
415 1738 626 1775 uniuersis
652 1737 915 1788 pertinentiis
948 1736 1202 1787 supradictis
1222 1765 1231 1774 .
1251 1736 1419 1775 ..Acta
1451 1739 1549 1775 sunt
1580 1735 1660 1775 hec
1694 1747 1804 1775 anno
1837 1735 1981 1775 incar-

115 1806 298 1845 nationis
332 1805 481 1845 domini
515 1805 575 1845 Μ.
611 1803 699 1846 CC.
733 1806 855 1845 XIX.
890 1805 987 1845 Vll.
1020 1798 1249 1844 Kalendas
1272 1805 1474 1858 Augusti.

423 1905 794 1937 Hammerschmidt
817 1924 860 1928 —
884 1903 997 1937 Gloria
1021 1905 1102 1937 eccl.
1126 1903 1434 1946 Wyssehradensis
1458 1913 1535 1947 pag.
1562 1903 1650 1935 172.

1003 2062 1097 2105 (¹11.

113 2158 334 2198 Honorius
364 2169 477 2209 papa
509 2157 597 2197 III.
631 2159 842 2211 episcopis
882 2136 1188 2210 Ratispohensi
1219 2158 1258 2195 et
1287 2156 1552 2208 pataviensi,
1585 2157 1706 2207 atque
1734 2155 1978 2208 praeposito

113 2226 365 2266 pataviense·
403 2226 630 2277 molestias,
669 2239 775 2279 quas
808 2227 989 2266 ecclesia
1028 2226 1272 2277 Prayensis
1310 2225 1480 2277 patitur,
1520 2224 1727 2277 referem,
1768 2222 1979 2264 interdicti

112 2296 355 2334 sententiam
396 2294 531 2334 denuo
567 2307 645 2347 per
683 2295 906 2335 Boemimn
944 2294 1212 2347 ριοηηιῖᾳανὶ
1239 2292 1372 2346 Jubet.
1435 2293 1509 2333 Dt.
1548 2294 1684 2334 Reate
1714 2292 1745 2332 I
1749 2292 1796 2333 V.
1827 2291 1977 2332 Nonas

851 2364 1047 2415 AuyustZ,
1087 2361 1240 2402 1219.

241 2421 481 2482 Honorius
515 2440 740 2492 episcopus
773 2452 925 2481 seruus
958 2451 1176 2481 ,seruorum
1208 2440 1288 2480 dei.
1351 2438 1684 2479 venerabilibus
1716 2436 1974 2478 fratribus..

114 2508 414 2560 Ratisponensi
457 2513 500 2548 et
539 2508 784 2549 Patauiensi
824 2510 1053 2564 episcopis,
1093 2513 1135 2550 et
1167 2508 1319 2549 dilecto
1359 2507 1438 2549 filio
1478 2508 1724 2548 Patauiensi
1762 2506 1974 2558 preposito
