2212 2876
967 102 1068 144 11³7

27 294 31 298 ,
76 250 312 301 nostrorum
345 246 400 287 ad
432 246 782 287 intercessionem
814 245 965 286 nobilis
998 246 1077 286 uiri
1103 244 1312 297 Stephani
1345 244 1397 285 de
1429 244 1608 285 Medlov
1640 246 1862 286 castellani
1895 243 1948 285 de

76 318 243 357 Deuici.
276 317 368 356 iure
401 319 605 367 perpetuo
646 320 688 356 et
720 316 893 370 integro
927 327 1008 367 quo
1049 327 1126 354 nos
1160 314 1259 354 illud
1291 314 1501 354 hactenus
1544 315 1808 366 possedimus
1841 326 1947 354 con-

76 385 240 425 tulimus
273 385 334 426 M.
368 373 587 424 abbatisse
621 388 663 424 et
695 385 918 424 conuentui
952 385 1043 424 eius
1082 384 1125 423 in
1158 382 1427 423 Dubrauntlc.
1492 381 1792 423 Confirmamus
1825 385 1949 423 etiam

75 455 442 506 ipsimonasterio
476 465 635 493 omnem
669 453 804 493 dotem
838 464 958 505 quam
984 452 1323 504 predecessores
1357 450 1509 504 prefati
1542 451 1750 504 Stephani
1783 455 1825 492 et
1856 453 1949 503 ipse

26 561 38 571 ,
76 522 130 563 de
157 524 227 574 pia
255 523 509 562 liberalitate
534 520 700 574 prefate
724 522 910 561 ecclesie
935 521 1200 561 contulerant
1227 522 1268 560 in
1297 521 1392 572 ipsa
1424 521 1522 560 uilla
1548 519 1708 561 forensi
1735 521 1949 574 Bystrice7

76 603 263 632 mansum
285 591 484 631 uidelicet
516 603 606 631 cum
640 591 747 630 silua
780 591 822 630 in
847 590 1045 631 Zdenici.
1079 594 1122 630 et
1154 590 1319 641 capella
1344 591 1387 630 in
1410 591 1628 630 Piuonici.
1659 602 1750 629 cum
1783 589 1948 629 dimidia

77 664 251 700 aratura
291 664 334 700 et
372 660 518 700 bosco.
581 660 641 699 vt
681 663 818 708 autem
860 659 941 698 hec
975 663 1120 698 nostra
1161 659 1329 698 donatio
1375 664 1416 699 et
1449 657 1706 698 confirmatio
1747 662 1950 710 presente

76 730 238 784 pagina
273 730 400 769 robur
434 729 621 768 obtineat
652 732 897 780 perpetuum
930 728 1146 782 priuilegii
1179 732 1367 768 tenorem
1392 728 1524 782 sigilli
1558 729 1691 767 nostri
1723 728 1957 779 karactere

75 799 332 838 muniuimus.
380 799 530 838 Actum
564 799 605 837 in
638 802 780 837 castro
810 798 970 839 Ueueri
1003 808 1113 835 anno
1148 796 1450 836 incarnationis
1476 796 1625 836 domini
1658 796 1719 836 Μ.
1740 794 1831 837 CC.
1847 796 1949 836 XX.

76 867 349 919 presentibus
381 866 462 906 hiis
496 878 667 919 quorum
701 867 865 905 nomina
897 866 1232 917 subsequuntur:
1274 864 1485 906 Rohertus
1519 865 1745 916 episcopus
1779 864 1949 905 Olomu-

78 936 236 975 censis.
280 936 516 975 Bertherus
566 935 618 974 de
666 934 884 974 Vranoue.
934 934 1110 985 Zuoysa
1159 932 1336 985 dapifer.
1385 933 1646 973 Adalbertus
1697 934 1749 972 de
1796 934 1949 973 Kuniz.

77 1003 323 1055 Stephanus
357 1004 409 1044 de
442 1003 642 1044 Medloue
676 1003 937 1058 burgi-auius
972 1003 1024 1042 de
1059 1003 1224 1042 Deuici.
1265 1002 1388 1042 Lena
1421 1002 1473 1041 de
1506 1003 1664 1041 Bruna.
1699 1002 1948 1042 l'ribizlaus.

76 1073 233 1113 Voiteh
259 1071 364 1113 filius
382 1073 603 1125 Stephani.
620 1073 820 1113 Andreas
842 1072 1115 1112 marscalcus.
1138 1072 1278 1111 Vitco.
1296 1071 1465 1111 Doben.
1490 1075 1531 1111 et
1551 1072 1619 1111 alii
1646 1083 1766 1124 quam
1792 1071 1948 1122 plures.
1967 1120 1971 1124 s

388 1181 419 1214 E
443 1182 563 1223 copia
586 1190 657 1213 sec.
682 1181 777 1213 XIV.
801 1182 833 1213 in
856 1180 994 1213 archivo
1020 1181 1163 1212 civitatis
1187 1180 1428 1222 Bystricensis.

958 1339 1077 1382 clx.

77 1445 391 1497 Emerammus,
426 1445 682 1485 castellanus
708 1445 1009 1496 Znoymensis‚
1043 1444 1212 1496 confert
1232 1444 1488 1483 monasterio
1511 1444 1706 1484 Luce-nse·
1726 1443 1969 1496 fundatam.

218 1527 245 1553 a
277 1526 323 1553 se
355 1514 578 1554 ecclesiam
610 1515 655 1554 in
686 1508 920 1554 Psimada-‹2›
951 1512 1206 1563 (Brenditzj
1240 1524 1336 1551 cum
1368 1512 1462 1552 dote
1493 1524 1585 1552 sua.
1656 1512 1809 1552 1220.

210 1605 430 1667 Omnibus
472 1629 696 1676 presentes
736 1625 899 1665 litteras
941 1624 1196 1676 inspecturis
1246 1627 1383 1663 notum
1426 1621 1536 1663 facio
1586 1624 1801 1664 vniuersis
1842 1624 1949 1676 quod

77 1705 166 1749 ego
189 1695 446 1734 Emrammus
481 1695 597 1733 miles
632 1699 673 1734 et
698 1694 955 1733 castellanus
990 1695 1029 1732 in
1054 1694 1214 1733 Znoem
1248 1691 1354 1732 filius
1388 1693 1593 1744 quondam
1626 1693 1777 1732 domini
1811 1693 1950 1745 Etley.

78 1775 153 1816 pro
186 1764 370 1803 remedio
406 1764 541 1802 anime
574 1774 679 1802 mee.
713 1764 845 1814 patris
879 1767 921 1802 et
953 1763 1095 1802 matris
1138 1766 1441 1813 parentumque
1474 1773 1655 1802 meorum
1689 1762 1812 1801 dono.
1846 1774 1951 1806 con-

77 1832 184 1873 cedo
223 1835 266 1871 et
307 1832 510 1870 renuncio
551 1831 625 1871 tibi
665 1831 827 1871 domino
868 1832 915 1871 F.
957 1831 1098 1870 abbati
1137 1831 1301 1870 lucensi
1338 1831 1434 1872 uice
1477 1834 1520 1870 et
1559 1832 1723 1870 nomine
1764 1830 1952 1871 eiusdem

79 1901 268 1942 ecclesie
302 1902 367 1939 ius
400 1905 662 1951 patronatus.
688 1901 799 1953 quod
826 1900 1004 1952 adeptus
1032 1912 1120 1939 sum
1154 1911 1210 1939 ex
1234 1898 1484 1939 fundacione
1509 1900 1694 1939 ecclesie
1724 1900 1949 1952 primetitz.

78 1981 200 2023 quam
242 1970 466 2009 ecclesiam
513 1968 685 2009 sundaui
727 1970 780 2009 de
829 1970 1000 2009 licentia
1041 1973 1085 2009 et
1129 1968 1323 2009 mandato
1363 1972 1433 2008 tuo
1481 1966 1652 2007 fratrum
1699 1972 1861 2008 tuorum
1908 1969 1950 2008 in

77 2038 320 2090 supradicta
359 2038 457 2077 uilla
500 2049 581 2090 que
620 2038 673 2077 ad
714 2039 940 2078 ecclesiam
980 2038 1094 2077 beati
1134 2037 1335 2077 Nic-helui
1370 2038 1415 2076 in
1449 2038 1617 2077 Znoem
1658 2048 1740 2089 que
1780 2038 1950 2088 proprie

78 2111 146 2147 est
176 2106 390 2147 Lucensis
424 2108 612 2147 noscitur
645 2109 873 2159 pertinere.
930 2107 1050 2146 Dono
1084 2107 1258 2156 insuper
1291 2109 1333 2145 et
1365 2105 1554 2145 concedo
1588 2109 1715 2158 atque
1747 2107 1950 2146 renuncio

78 2186 199 2215 omne
233 2176 297 2214 ius
331 2179 373 2215 er'.
405 2179 655 2227 potestatem
681 2187 802 2228 quam
835 2177 973 2216 habeo
997 2175 1066 2215 uel
1098 2175 1260 2214 habere
1293 2185 1474 2226 possem.
1499 2175 1592 2214 siue
1625 2186 1681 2214 ex
1705 2173 1948 2214 fundatione

78 2256 209 2296 supra
258 2244 369 2283 dicte
410 2244 595 2285 ecclesie
641 2246 734 2285 siue
784 2247 906 2286 etiam
947 2246 988 2284 in
1030 2243 1375 2296 possessionibus
1424 2255 1530 2295 quas
1578 2245 1778 2283 concessi
1819 2255 1947 2295 supra

79 2313 190 2358 dicte
215 2313 400 2352 ecclesie
427 2324 600 2365 quarum
625 2315 790 2354 nomina
822 2316 920 2354 sunt
944 2314 1046 2353 hec:
1079 2314 1299 2353 Manssum
1327 2313 1369 2352 in
1402 2312 1550 2352 eadem
1574 2313 1686 2352 uilla.
1718 2312 1948 2352 secundum

78 2383 122 2422 in
153 2382 254 2421 uilla
294 2382 568 2421 cvlcharuitz.
603 2387 645 2422 et
686 2387 845 2435 partem
879 2383 931 2422 de
971 2383 1079 2423 silua
1118 2382 1160 2421 in
1192 2381 1446 2421 Massovitz.
1509 2382 1646 2421 Huius
1686 2385 1823 2421 autem
1855 2392 1948 2421 mee

78 2451 382 2490 concessionis.
431 2451 677 2491 donacionis
725 2456 768 2492 et
813 2451 1151 2492 renunciacionis
1200 2454 1335 2490 testes
1381 2453 1479 2490 sunt
1524 2450 1594 2489 hii.
1645 2450 1783 2489 Lucas
1833 2450 1947 2500 prior

79 2518 266 2560 lucensis
309 2520 508 2560 ecclesie.
557 2519 774 2561 Henricus
814 2521 1087 2561 camerarius.
1121 2519 1343 2562 Gerardus
1381 2520 1646 2560 cellerarius.
1689 2518 1945 2559 VVilhelmus
