2212 2876
1011 125 1109 166 321

134 270 308 309 omnium
336 269 493 323 sagaci
518 268 714 308 memoria
740 267 1038 308 recondantur.
1060 279 1139 308 nec
1164 280 1241 320 per
1269 272 1495 320 temporum
1521 269 1743 310 decursum
1771 271 2003 312 elabantur.

133 339 388 390 presentium
423 338 625 391 paginam
667 337 813 387 scripti
847 348 1006 376 omnem
1048 338 1151 376 iuris
1185 337 1502 391 priuilegIOrum
1543 338 1738 378 ditionem
1770 340 2003 380 tradentes..

133 407 267 461 sigilli
306 407 438 446 nostri
471 406 746 456 impositione.
791 407 1061 456 imperpetuo.
1096 410 1138 445 et
1179 406 1358 445 testibus
1398 406 1645 446 subnotatis.
1689 406 1856 448 firmiter
1889 420 2005 448 com-

134 476 345 515 munimus.
409 475 547 514 Huius
582 475 641 513 rei
675 478 809 513 testes
842 479 950 515 sunt.
983 475 1228 514 Ratiborius
1271 476 1323 514 de
1369 475 1534 515 Deblin.
1574 477 1723 516 Jaenez
1762 475 1867 516 lilius
1901 479 2006 517 eius.

135 544 251 584 Onso
293 549 335 584 et
375 544 524 583 Victor
564 541 697 582 frater
736 544 828 582 eius
871 541 937 582 filii
978 543 1195 583 Blvdonis.
1236 544 1369 583 Bludo
1411 548 1452 584 et
1485 545 1668 595 Zpitata.
1708 544 1777 585 filii
1811 545 2018 587 Onsonis.

134 613 431 654 IVrcliozlavs
465 610 629 663 dapifer
657 612 987 652 Marchionisse.
1022 613 1192 664 Zpitata
1217 610 1322 652 filius
1353 614 1455 652 ssvz.
1490 613 1701 654 Stiborius
1735 614 1787 654 de
1810 614 2006 666 Lipuich.

136 682 327 722 Borvtha
371 686 413 721 et
444 682 726 721 Hermannus.
766 679 935 721 fratres.
969 679 1038 720 filii
1083 682 1336 740 W'occoiiis.
1379 682 1556 722 Vsebor
1596 683 1648 722 de
1680 684 1830 740 Raiez.
1866 684 2026 736 Veri—2

137 751 255 791 zlaus
290 751 402 802 [sic]
427 750 700 790 marscalcus.
735 749 907 791 Clerici.
940 750 1186 789 Radozlavs
1212 750 1539 790 archidiaconus
1574 756 1613 791 et
1638 752 2008 798 canonicus,010-

135 821 389 859 mvncensis.
441 820 561 859 Esav
600 819 937 871 :archidiaconus
985 820 1286 859 Preroviensis
1326 823 1368 859 et
1407 821 1634 860 canonicus
1676 821 2008 862 Olomuncensis.

133 888 316 940 Moyses
359 888 686 927 archidiaconus
726 888 1096 932 Brescliizaensis.
1137 892 1180 927 et
1219 889 1448 928 canonicus
1490 889 1824 930 Olomvncensis.
1864 891 2009 931 David

136 957 337 996 vicarius.
385 960 427 996 et
466 957 535 995 alii
576 950 718 1008 p'lures
768 960 849 996 tam
889 957 1034 995 clerici
1077 968 1196 1008 quam
1236 957 1344 996 laici.
1410 958 1562 997 Datum
1603 959 1648 1011 ⁴in
1690 958 1891 999 Olomvnz
1932 971 2010 1012 per

134 1037 296 1066 manum
324 1025 464 1065 dilecti
491 1026 641 1064 notarii
669 1026 800 1065 nostri
826 1025 979 1076 Helye.
1005 1026 1128 1065 Anno
1156 1025 1260 1065 (lom.
1286 1027 1597 1066 incarnacionis
1622 1026 2008 1069 MCCXXXVIII.

136 1093 344 1133 Kalendis
376 1094 583 1133 Januarii.
624 1094 788 1145 Epacta
824 1094 968 1134 XXII.
1009 1094 1242 1134 indictione
1277 1096 1352 1134 XI.
1392 1096 1626 1150 Regnante
1660 1096 1822 1136 domino
1861 1102 2008 1138 nostro

135 1162 246 1202 Jesv
279 1161 464 1203 Christo.
497 1162 647 1202 Amen.
1752 1176 1755 1179 ·

446 1261 501 1293 Ex
524 1262 720 1304 originali
746 1260 896 1303 ejusdcm
919 1264 1107 1294 monasterii
1133 1264 1162 1294 in
1186 1265 1319 1306 registr.
1345 1274 1374 1296 c.
1398 1274 1424 1295 r.
1449 1263 1618 1296 Gubernii.
1649 1283 1690 1287 —-
1714 1265 2006 1308 Apographum

552 1314 583 1345 in
607 1313 681 1346 cod.
705 1313 1028 1357 Welehradensi
1052 1314 1107 1346 sol.
1134 1313 1196 1346 49.

940 1488 1017 1533 CC
1022 1491 1203 1532 LXXX.

241 1581 572 1643 Wenzeslaus
606 1601 673 1642 dei
707 1603 852 1657 gratia
886 1615 965 1642 rex
1000 1603 1227 1643 Bohemiae
1261 1633 1270 1642 .
1305 1632 1314 1642 .
1350 1633 1358 1643 .
1393 1603 1447 1643 ob
1487 1615 1602 1654 spem
1637 1605 1723 1644 vite
1768 1608 1917 1646 eterne
1955 1609 1999 1646 et

137 1671 489 1722 predecessorum
516 1675 750 1711 nostrorum
772 1673 907 1711 anime
932 1672 1155 1713 remedium
1182 1672 1382 1712 donamus
1405 1674 1444 1711 in
1468 1673 1695 1713 subsidium
1719 1677 1834 1714 terre
1858 1673 2009 1715 sancte

136 1752 258 1779 unum
292 1751 476 1779 mansum
511 1740 621 1791 apud
654 1741 791 1780 villam
834 1740 1018 1780 II‘irbaw
1058 1745 1100 1780 et
1132 1741 1253 1780 alium
1286 1754 1468 1781 mansum
1503 1753 1593 1781 cum
1626 1742 1850 1783 medietate
1882 1745 2010 1785 vinee

138 1812 181 1847 et
219 1808 284 1848 IV
323 1809 565 1849 subsidibus
608 1810 719 1861 apud
750 1809 1051 1862 uosmet-adse,
1091 1822 1195 1863 quos
1238 1810 1400 1849 domina
1441 1811 1575 1862 Gysla
1606 1811 1717 1851 iusto
1756 1812 1872 1852 titulo
1905 1823 2009 1864 pos-

138 1877 249 1917 sedit
282 1878 469 1917 omnibus
493 1878 657 1933 diebus,
691 1879 841 1930 quibus
866 1879 986 1933 vixit⁷
1012 1877 1187 1930 pacifice
1213 1877 1414 1919 fratribus
1438 1879 1660 1930 hospitalis
1685 1884 1834 1920 sancte
1865 1880 2009 1922 Marie

139 1947 483 1986 Jerosolimitani.
503 1977 512 1986 .
531 1977 541 1986 .
559 1948 737 1988 Testes:
771 1948 978 1988 Nevrhlas
1003 1946 1108 1986 filius
1135 1947 1341 1987 Radimili.
1370 1948 1626 1988 Daleborius
1653 1949 2007 1990 subcamerarius.

137 2016 276 2054 Borso
316 2014 421 2055 filius
454 2016 671 2056 Bohuslai.
710 2018 841 2057 Jaros
875 2016 980 2056 iilius
1019 2016 1214 2056 Albertbi
1254 2017 1307 2056 de
1339 2017 1519 2056 Zliwen.
1561 2018 1760 2058 Andreas
1802 2019 1920 2059 miles
1954 2019 2008 2059 de

138 2094 309 2123 numero
341 2085 671 2124 tewtonicorum.
705 2084 949 2126 Guntherus
981 2085 1034 2124 de
1059 2085 1355 2136 Byberstcine.
1390 2084 1615 2126 Cunradus
1649 2086 1701 2126 de
1726 2086 1852 2142 Sgel.
1884 2088 2008 2128 Hen-

138 2153 251 2191 ricus
285 2151 338 2191 de
369 2151 569 2193 Sachow.
602 2154 861 2194 VVilhalmus
894 2158 936 2194 ct
958 2154 1176 2205 Lupoldus
1209 2154 1412 2204 pincerne
1446 2155 1486 2193 in
1519 2155 1683 2206 Zuoym
1715 2159 1758 2196 et
1783 2157 1853 2196 alii
1886 2168 2007 2210 quam

138 2220 295 2271 plures.
357 2221 508 2261 Actum
545 2219 914 2263 MCCXXXVII.
953 2223 1010 2262 X.
1055 2223 1302 2263 Indictione.
1366 2224 1520 2264 Datum
1571 2225 1682 2276 apud
1729 2225 1880 2265 Znoim
1929 2237 2006 2278 per

138 2301 300 2329 manum
333 2291 482 2330 notarii
516 2290 739 2331 Wilhalmi
770 2290 893 2332 XIV.
927 2291 1148 2331 Kalendas
1180 2292 1348 2332 Marcii.
1875 2310 1878 2311 ⁷

449 2389 504 2421 Ex
533 2389 707 2422 Analectis
745 2391 834 2422 prof.
862 2391 1023 2433 Wolny.
1051 2409 1094 2414 ——
1124 2389 1339 2433 Originale
1369 2393 1400 2423 in
1429 2392 1565 2423 archivo
1596 2392 1719 2424 ordinis
1754 2392 2003 2426 Teutonicorum

554 2441 870 2474 Frendenthalii
893 2441 1101 2474 adservatur.
1801 2441 1807 2446 “

1620 2607 1685 2647 41
