2212 2876
1065 118 1170 157 292

179 264 302 304 etiam
334 265 380 303 vt
418 264 455 303 si
487 273 564 314 per
597 259 804 301 desectum
842 259 1126 312 supradictum
1167 270 1379 312 pauperes
1419 263 1461 300 et
1493 259 1682 301 homines
1722 261 1914 313 predicte
1954 260 2052 303 sun-

179 333 360 373 dationis
393 344 533 372 coram
567 331 688 371 nobis
722 329 793 370 vel
825 330 983 370 nostris
1016 329 1225 369 iudicibus
1257 328 1339 369 hoc
1372 328 1491 369 modo
1524 329 1789 381 respondere
1821 332 2053 387 contigerit

178 414 253 454 pro
294 411 542 454 quocunque
591 410 696 439 casu
736 398 790 438 ad
837 398 987 438 nullum
1029 398 1152 438 alium
1192 398 1327 438 locum
1373 409 1495 450 quam
1535 397 1588 439 ad
1636 402 1819 439 castrum
1865 405 2051 442 nostrum

176 471 409 526 Pragense
442 471 558 521 ipsos
590 469 717 508 liceat
749 469 869 508 citari
903 479 980 520 per
1012 469 1190 520 aliquem
1224 478 1512 519 quemcunque
1552 472 1737 508 nostrum
1770 468 1948 509 nobilem
1980 471 2050 510 vel

177 545 375 581 actorem.
438 538 611 579 Eisdem
645 538 769 578 etiam
800 535 1003 577 fratribus
1037 540 1080 576 et
1121 547 1263 576 eorum
1297 536 1530 576 hominibus
1573 548 1631 576 ex
1663 536 1950 578 habundantia
1982 536 2050 579 sa-

176 610 293 649 uoris
325 609 440 663 regii
480 607 714 648 liberaliter
746 606 1030 661 indulgemus,
1071 607 1119 647 vt
1150 606 1187 645 si
1220 605 1275 646 ad
1313 603 1444 646 forum
1477 606 1653 646 alicuius
1692 606 1833 646 iudicii
1865 618 1943 648 seu
1975 619 2050 648 se-

177 678 332 718 cularis
365 678 457 718 siue
490 677 719 728 spiritualis
752 680 900 716 contra
933 675 1094 716 modum
1117 675 1350 726 supradicti
1384 686 1613 726 processus
1648 675 1760 715 ducti
1793 674 1947 716 suerint
1979 677 2050 717 vel

174 748 326 802 coacti,
358 747 457 787 licet
490 746 612 786 etiam
645 757 776 785 causa
809 746 987 785 maxima
1020 745 1229 785 mediante
1271 745 1325 784 ab
1359 744 1506 784 eodem
1538 746 1705 796 penitus
1738 746 1821 786 sint
1853 746 2051 799 exempti⁷

174 822 217 856 et
248 815 472 856 aduersam
505 818 665 867 partem
704 815 839 866 ipsius
872 816 913 854 in
946 815 1166 868 expensis7
1206 825 1313 866 quas
1344 811 1540 854 fecerunt
1578 825 1656 866 per
1689 816 1903 866 presentia
1944 827 2050 855 con-

174 885 456 937 (lempnamus.
504 884 671 924 Additis
705 883 894 923 omnibus
926 883 1023 937 illis7
1050 884 1119 935 qui
1146 883 1297 937 Prage
1324 883 1395 923 vel
1419 883 1461 923 in
1494 883 1587 923 aliis
1621 884 1778 923 nostris
1811 884 2050 925 ciuitatibus

178 953 334 995 fratres
367 954 438 994 vel
471 954 660 994 homines
693 952 892 993 antedicti
925 952 1146 1004 hospitalis
1178 964 1253 1004 pro
1285 954 1536 1005 quacunque
1568 964 1700 992 causa
1734 955 2049 1008 occupauerint7

175 1024 245 1064 vel
284 1024 567 1078 grauauerint
609 1022 869 1062 indecenter.
933 1021 1002 1061 Ad
1042 1021 1124 1061 hec
1172 1021 1225 1061 de
1265 1024 1413 1061 nostra
1452 1020 1732 1062 munificentia
1782 1033 1887 1074 sepe
1925 1022 2049 1063 dictis

173 1092 373 1133 fratribus
406 1090 659 1132 conferimus
702 1092 912 1146 gratiose,
946 1095 992 1131 vt
1032 1101 1109 1142 per
1141 1101 1299 1130 omnem
1338 1090 1613 1131 hereditatem
1647 1090 1866 1142 hospitalis
1906 1102 2050 1132 eorum

174 1164 215 1203 in
255 1162 585 1215 quibuscumque
624 1161 729 1200 locis
768 1161 873 1212 ipsis
915 1159 1121 1211 expedire
1169 1159 1379 1199 videbitur
1417 1159 1471 1199 ad
1522 1159 1761 1211 ampliorem
1801 1157 2048 1201 infirmorum

174 1230 444 1272 refectionem
479 1234 520 1270 et
553 1228 783 1282 profectum
816 1229 939 1269 nullis
973 1228 1236 1269 obstantibus
1269 1228 1443 1268 casibus
1476 1228 1666 1268 tabernis
1701 1240 1843 1269 eorum
1875 1233 2049 1269 vtantm·

175 1300 460 1354 perhenniter7
503 1298 693 1353 pacifice7
732 1299 867 1338 libere
911 1302 953 1338 et
992 1298 1146 1350 quiete.
1210 1297 1421 1337 Preterea
1462 1297 1497 1336 si
1537 1295 1683 1337 forsan
1725 1301 1898 1349 propter
1930 1302 2046 1338 terre

174 1371 472 1410 necessitatem
513 1368 825 1420 prenominatos
857 1366 1014 1407 fratres
1048 1370 1090 1406 et
1123 1378 1265 1407 eorum
1297 1377 1581 1406 successores
1615 1366 1668 1406 de
1700 1366 1933 1407 hominibus
1965 1367 2046 1406 ho-

173 1439 335 1491 spitalis
369 1439 633 1478 exactionem
668 1448 749 1489 que
773 1440 952 1477 vocatur
984 1440 1129 1476 steura
1163 1436 1231 1476 vel
1260 1435 1395 1476 berna
1428 1436 1552 1490 regis
1586 1447 1766 1488 vnquam
1801 1435 1904 1475 dare
1940 1446 2047 1476 con-

172 1510 312 1563 tinget
344 1508 477 1559 ipsam
509 1510 664 1546 tantum
697 1504 883 1547 fidelitati
923 1517 1066 1546 eorum
1097 1516 1176 1556 per
1208 1515 1352 1545 omnes
1387 1505 1686 1556 possessiones
1727 1516 1828 1544 suas
1861 1505 2048 1544 commit-

174 1578 294 1617 timus
335 1576 634 1630 colligendam,
678 1587 799 1627 quam
842 1586 932 1615 oum
973 1575 1189 1626 prosecuti
1231 1585 1289 1613 ex
1331 1575 1504 1628 integro
1545 1572 1698 1613 suerint
1738 1573 1913 1614 mediam
1954 1574 2046 1614 eius

175 1650 335 1698 partem
367 1649 512 1685 nostre
545 1656 729 1698 camere7
763 1645 965 1696 reliquam
1000 1655 1103 1684 vero
1132 1643 1183 1682 ad
1218 1655 1324 1683 vsus
1357 1642 1602 1683 infirmorum
1618 1643 1794 1694 predicti
1828 1642 2047 1695 hospitalis

174 1714 351 1755 fideliter
384 1713 683 1769 assignabunt.
747 1714 882 1753 Nullis
915 1714 1072 1753 nostris
1105 1711 1352 1753 officialibus
1385 1716 1428 1752 et
1469 1712 1765 1752 collectoribus
1798 1713 1901 1764 ipsis
1934 1712 2047 1752 resi-

174 1784 382 1825 stentibus
424 1784 466 1823 in
508 1783 590 1822 hac
637 1786 771 1834 parte.
834 1783 1016 1833 Insuper
1062 1782 1308 1837 magistrum
1350 1780 1555 1833 prefatum
1595 1792 1686 1821 cum
1732 1782 1820 1821 suis
1860 1782 2045 1832 posteris

176 1854 394 1905 hospitalis
427 1853 508 1892 hoc
534 1852 718 1892 muneris
752 1851 860 1891 dono
894 1851 1016 1902 potiri
1043 1851 1249 1906 volumus,
1282 1854 1329 1891 vt
1357 1861 1448 1891 cum
1480 1861 1563 1890 sex
1589 1851 1710 1902 equis
1743 1847 1850 1889 infra
1875 1853 2044 1903 terram,

173 1928 215 1962 et
248 1935 338 1962 cum
373 1926 466 1962 octo
500 1925 623 1961 extra
656 1924 772 1960 terre
804 1921 1003 1961 terminos
1031 1923 1177 1960 nostre
1210 1921 1413 1971 expensis
1446 1923 1591 1959 nostre
1622 1917 1775 1959 familie
1807 1919 1862 1959 sit
1892 1919 2045 1959 asstri-

174 1999 282 2043 ctus7
324 1992 564 2030 inhibentes
607 1990 836 2030 districtius
875 2001 929 2029 ne
977 1989 1070 2041 quis
1109 2001 1391 2041 suppanorum
1430 1992 1664 2028 nostrorum
1711 1989 1753 2030 in
1794 1998 2044 2041 quocunque

176 2065 318 2101 nostro
359 2060 428 2100 vel
469 2071 611 2098 eorum
648 2059 825 2113 negotio
865 2059 906 2098 in
946 2058 1068 2098 bonis
1108 2070 1239 2110 supra
1278 2057 1374 2098 dicti
1414 2058 1633 2109 hospitalis
1682 2068 1731 2097 se
1770 2057 1948 2108 recipiat
1990 2056 2044 2096 ad

177 2129 504 2182 pernoctandum
540 2129 579 2167 in
613 2139 755 2168 eorum
789 2127 1059 2179 preiudicium
1092 2130 1135 2167 et
1165 2137 1415 2182 grauamen.
1468 2127 1538 2167 De
1576 2126 1711 2166 libero
1743 2127 1867 2167 etiam
1899 2128 2044 2166 nostro

176 2198 348 2240 arbitrio
382 2197 665 2250 concedimus„
710 2202 755 2237 vt
788 2197 964 2248 predicti
996 2194 1154 2236 fratres
1195 2207 1273 2248 per
1306 2206 1449 2235 omnes
1488 2196 1789 2247 possessiones
1828 2206 1930 2235 suas
1962 2205 2044 2234 ve-

176 2267 302 2308 nandi
334 2266 507 2307 liberam
542 2267 582 2305 in
616 2277 734 2306 euum
777 2269 1023 2317 potestatem
1056 2266 1256 2319 habeant7
1296 2268 1338 2305 et
1370 2265 1503 2305 omnis
1535 2265 1763 2317 posteritas
1802 2263 2044 2304 eorundem.

181 2338 351 2377 nemum
384 2335 518 2375 omnia
550 2335 660 2374 bona
694 2335 849 2375 nostris
882 2334 1111 2375 baronibus
1144 2346 1169 2374 a
1202 2334 1323 2375 nobis
1356 2345 1604 2387 quocunque
1636 2335 1728 2374 iure
1759 2333 1928 2386 collata,
1962 2342 2043 2384 que

178 2405 382 2457 sepedicti
415 2403 569 2444 fratres
603 2404 760 2444 ordinis
795 2403 1087 2445 stelliferorum
1120 2403 1173 2444 ad
1213 2403 1422 2455 hospitale
1455 2403 1689 2443 donationis
1721 2402 1792 2443 vel
1825 2401 2042 2453 emptionis

179 2476 292 2516 titulo
325 2474 616 2517 contraxerint
639 2474 731 2515 siue
765 2474 805 2513 in
838 2474 1076 2514 ciuitatibus
1103 2473 1171 2513 vel
1204 2473 1313 2513 villis
1339 2473 1468 2512 curiis
1501 2472 1698 2513 ecclesiis
1731 2471 1864 2524 siluis,
1897 2470 2042 2522 pisca-

179 2545 371 2598 tionibus7
406 2544 550 2598 pratis,
594 2543 765 2597 campis7
799 2543 890 2583 siue
931 2544 972 2583 in
1006 2543 1098 2583 aliis
1139 2542 1457 2596 quibuscunque
1495 2541 1770 2594 prouentibus
1807 2538 2042 2581 habeantur
