2212 2876
1035 106 1138 150 331

925 250 961 294 C
967 251 1259 294 CLXXXVI.

156 343 372 400 Premysl,
415 347 607 388 marchio
648 348 886 398 Mor-ariae,
927 349 1040 386 eires
1083 347 1384 387 olomucenses
1424 346 1482 387 ad
1519 346 1807 400 defensionem
1846 349 2024 389 civitatis

512 429 615 456 suae
643 419 860 469 provocat.
923 417 996 456 Dt.
1030 417 1075 456 in
1107 419 1248 456 castro
1288 414 1482 469 IsVewer,
1521 416 1675 458 1237.

286 509 487 570 premizl
521 528 589 568 dei
621 529 777 583 gracia
810 528 994 567 marchio
1022 528 1217 568 Morauie
1251 528 1412 568 ciuibus
1445 529 1658 568 uniuersis
1691 527 1882 569 fidelibus
1916 530 2024 578 ciui-,-

154 597 251 636 tatis
284 602 429 637 nostre
465 598 670 638 olomucz
703 627 712 636 .
747 626 756 636 .
790 597 858 637 De
891 595 985 636 fidei
1021 601 1163 637 uestre
1197 598 1442 637 sinceritate
1474 599 1770 637 inconcussam
1811 603 2023 653 gerentes

154 663 359 718 fiduciam,
393 678 471 706 vos
505 666 748 719 omnimoda,
783 677 863 717 qua
896 677 973 705 uos
1007 677 1174 718 semper
1206 666 1503 721 amplectimur,
1537 666 1760 707 dilectione
1794 667 2023 709 admonere

153 746 246 786 ymo
281 746 443 790 rogare
470 747 553 775 non
577 735 906 789 obinittebamus,
930 736 1205 789 iniungentes
1231 735 1351 774 uobis
1376 736 1530 789 gracie
1554 739 1699 775 nostre
1725 736 1802 775 sub
1836 736 2023 792 obtentu,

155 805 350 856 quatinus
377 805 562 844 instante
589 815 752 858 guerre
779 804 1021 858 ineuitabili,
1050 816 1169 856 quam
1194 816 1334 844 sumus
1361 805 1495 858 exosi,
1522 805 1854 859 necessitudine,
1886 806 2023 846 studio

155 876 199 912 et
232 884 363 924 opera
397 873 604 924 multiplici
639 871 875 913 defensioni
908 872 1042 912 fidelis
1084 876 1229 912 nostre
1269 873 1451 913 ciuitatis
1492 876 1534 913 et
1573 874 1703 913 castri
1744 875 1784 913 in
1827 873 2023 915 Olomucz

153 942 231 980 iam
265 954 374 981 nunc
408 943 680 995 preuideatis,
715 942 1002 993 postponendo
1037 953 1296 993 quecumque
1329 942 1411 981 alia
1445 943 1646 996 negocia,
1688 953 1770 994 que
1804 954 2022 985 emersura

152 1014 248 1050 sunt
280 1011 322 1050 in
346 1011 416 1050 uia
443 1012 544 1050 iuris
576 1011 615 1049 in
643 1011 795 1051 iudicio
823 1011 1043 1050 tractandi.
1092 1011 1369 1051 Promittimus
1394 1011 1531 1065 uobis,
1557 1012 1675 1051 ciues
1709 1011 1863 1066 dilecti,
1890 1014 2024 1053 uestri

153 1080 343 1131 obsequii
377 1091 460 1118 non
492 1081 656 1119 inanem
688 1078 780 1119 sore
814 1080 1109 1119 exhibitionem
1134 1092 1244 1119 nunc
1277 1083 1320 1119 et
1357 1078 1614 1120 infuturum.
1679 1078 1838 1121 Cetera
1874 1083 2023 1137 omnia,

154 1159 235 1200 que
282 1149 454 1188 tuicioni
500 1152 646 1188 uestre
695 1149 876 1189 ciuitatis
917 1152 959 1189 et
1008 1147 1157 1200 prefati
1207 1150 1338 1188 castri
1378 1149 1546 1200 ydonea
1594 1160 1694 1190 esse
1742 1154 1937 1201 poterunt
1981 1156 2025 1193 et

152 1217 377 1272 commoda,
412 1218 590 1258 dilectus
623 1218 744 1257 nobis
778 1219 927 1257 nobilis
960 1219 1025 1257 uir
1056 1218 1220 1273 Victor,
1254 1216 1359 1258 filius
1392 1219 1610 1274 BludoniS,
1644 1220 1810 1271 accepit
1842 1232 1868 1259 a
1898 1221 2021 1261 nobis

92 1284 97 1289 “
151 1287 192 1326 in
239 1287 446 1326 mandatis
496 1287 725 1350 secundun]
775 1288 839 1327 sui
880 1289 1043 1328 consilii
1088 1289 1249 1340 apicem
1292 1288 1539 1329 ordinanda.
1606 1289 1760 1330 Datum
1798 1290 1841 1329 in
1880 1294 2023 1331 castro

153 1355 327 1398 Ueueri.
360 1353 724 1396 MCCxxxvfl.
1418 1371 1421 1373 ’

464 1455 494 1487 Ε
519 1455 635 1488 codice
658 1455 728 1488 Ms.
753 1456 1134 1489 TiSchnowicensi.

910 1630 1264 1675 CCLXXXVII.

153 1722 369 1779 premysl,
398 1726 590 1766 marchio
617 1728 855 1779 Mor-ariae,
879 1727 1039 1767 nobiles
1064 1729 1314 1781 provinciae
1338 1729 1626 1781 Znoymensis
1652 1729 1710 1769 ad
1732 1742 1852 1771 arma
1878 1736 2024 1773 evocat

501 1798 723 1848 castraque
755 1797 906 1836 {nenda
940 1800 1071 1837 curat.
1137 1798 1208 1837 DI.
1242 1799 1286 1837 in
1317 1798 1485 1850 Bruna,
1526 1798 1679 1840 1237.

280 1887 483 1949 Premizl
517 1906 583 1946 dei
625 1908 778 1962 gracia
820 1908 1016 1948 Marchio
1054 1908 1252 1948 Morauie
1293 1908 1401 1948 fideli
1444 1913 1588 1949 nostro
1628 1911 1756 1951 nobili
1795 1913 1885 1952 uiro
1919 1942 1929 1952 .
1963 1942 1973 1952 .
2007 1943 2017 1952 .

150 1974 387 2030 burgrauio
420 1976 461 2014 in
496 1977 667 2016 Znoz‘m.
731 1977 968 2016 Fidelitatis
1009 1981 1079 2016 tue
1118 1979 1381 2032 constancia,
1422 1989 1542 2029 quam
1581 1991 1658 2030 pre
1699 1983 1855 2020 ceteris
1895 1982 1936 2021 in
1977 1986 2020 2023 te

151 2045 317 2095 experti
351 2056 492 2083 sumus
527 2055 626 2084 esse
659 2046 966 2099 inconcussam,
1000 2046 1141 2085 cordis
1175 2048 1306 2086 nostri
1340 2047 1520 2087 habitum
1562 2059 1640 2099 spe
1682 2050 1813 2089 induit
1850 2050 2018 2091 indubi-

149 2115 279 2166 tante,
313 2113 422 2164 quod
455 2115 612 2152 nostris
645 2115 852 2154 mandatis
885 2115 1006 2154 solito
1040 2127 1153 2155 more
1187 2120 1228 2155 te
1263 2116 1558 2168 obsequiosum
1592 2118 1830 2158 exhibebis.
1886 2121 2018 2160 Man-

151 2180 295 2220 damus
328 2182 462 2236 igitur
494 2186 536 2221 et
569 2182 840 2223 exhortamur
872 2188 980 2223 tuam
1013 2183 1264 2239 fidelitatem,
1298 2187 1493 2237 quatinus
1526 2189 1772 2227 conuocatis
1806 2190 1846 2228 in
1875 2190 2018 2229 Znoi-

151 2251 284 2289 mensi
314 2251 484 2290 ciuitate
518 2253 680 2291 cunctis
713 2251 1018 2292 inbeneficiatis
1052 2257 1094 2293 et
1125 2254 1332 2294 nobilibus
1370 2254 1493 2293 huius
1535 2257 1774 2311 prouincie,
1816 2258 1918 2309 ipsis
1961 2270 2018 2298 ex

148 2322 295 2358 nostre
327 2320 550 2360 uoluntatis
574 2323 823 2361 auctoritate
856 2323 1058 2376 iniungas
1091 2322 1294 2376 studiose,
1317 2323 1425 2375 quod
1458 2321 1564 2364 feria
1596 2326 1691 2364 1111.
1726 2330 1820 2377 post
1853 2327 2014 2378 pascha

150 2387 193 2427 in
226 2387 374 2442 Znoim
407 2399 653 2440 comparere
686 2390 785 2429 haut
818 2391 1050 2445 negligant
1082 2392 1208 2431 armis
1242 2393 1443 2443 precincti
1479 2396 1521 2432 et
1553 2395 1779 2448 armigeris
1813 2396 2018 2435 comitan—

150 2456 260 2496 tibus
292 2461 465 2508 propter
496 2459 692 2510 temporis
726 2460 845 2498 istius
874 2461 1185 2499 necessitatem.
1248 2461 1350 2500 Item
1373 2461 1560 2502 uolumus
1586 2462 1664 2502 sub
1689 2464 1843 2517 gracie
1870 2469 2016 2504 nostre

151 2526 444 2580 promissione,
476 2529 670 2579 quatinus
702 2528 924 2581 burgrauii
970 2530 1100 2568 nostri
1140 2530 1180 2568 in
1228 2529 1393 2580 Vetoue‚
1435 2531 1476 2570 in
1523 2531 1708 2577 wranov,
1754 2534 1792 2571 in
1833 2533 2014 2585 Jermeic,

1590 2600 1659 2639 42
1674 2598 1705 2629 ἐξ(
