2212 2876
1029 56 1130 97 119

137 202 218 242 illis
258 201 485 254 prouidere
527 200 596 253 qui
637 201 770 240 minus
810 200 891 241 sibi
935 200 1074 240 sciunt
1111 198 1337 239 consulere
1384 200 1427 238 et
1466 197 1583 237 circa
1621 198 1738 237 vlros
1783 198 2012 252 religiosos

137 283 244 323 opus
277 271 446 322 pietatis
478 271 633 322 ubique
666 280 928 322 promouere.
952 270 1084 309 visum
1118 266 1194 308 fuit
1225 268 1362 307 nobis.
1393 270 1439 307 ut
1470 265 1679 307 beneficia
1713 267 2010 307 ecclesiastica

138 350 220 393 que
253 339 389 379 abbas
416 344 458 379 et
491 341 555 379 sui
583 337 740 379 fratres
773 339 958 378 indebito
993 338 1113 378 modo
1137 334 1346 377 hactenus
1379 336 1661 388 possederant
1683 340 1829 376 nostra
1862 340 2011 376 aucto-

136 409 262 448 ritate
296 411 338 447 et
370 408 488 448 modo
523 408 662 448 debito
697 409 759 447 eis
792 408 922 447 robur
961 407 1064 447 dare
1098 409 1140 446 et
1171 404 1412 446 firmitatem.
1475 406 1547 445 Ius
1589 406 1732 458 itaque
1764 408 2012 457 patronatus

137 478 249 531 quod
281 477 440 517 habent
478 479 520 516 in
563 478 760 517 ecclesiis
801 488 858 516 ex
891 476 1173 516 concessione
1210 475 1454 527 principum.
1496 475 1673 514 militum.
1714 475 1806 514 siue
1840 475 2013 514 aliorum

138 546 352 587 laicorum.
385 546 596 586 ecclesias
630 557 795 598 quoque
829 557 920 585 cum
953 545 1126 585 decimis
1160 555 1333 596 quarum
1365 543 1446 583 hec
1479 547 1577 583 sunt
1608 545 1787 583 nomina.
1851 544 2012 583 Eccle-

137 616 243 656 siam
275 615 328 655 de
363 613 559 656 Chatow.
593 615 820 655 ecclesiam
845 615 897 654 de
930 613 1184 654 Diakouich.
1219 612 1443 652 ecclesiam
1474 612 1527 652 de
1562 612 1753 653 Gobzhe.
1787 612 2012 651 ecclesiam

138 685 194 725 de
226 684 483 735 Rokythnic.
523 684 749 724 ecclesiam
790 684 843 723 de
878 682 1144 724 Olexowich.
1178 681 1405 721 ecclesiam
1438 681 1491 720 de
1530 681 1747 720 Domamil.
1788 681 2012 720 ecclesiam

140 753 194 794 de
233 753 485 793 Lodinnizh.
534 753 760 793 ecclesiam
802 752 855 792 de
895 752 1068 792 Znoem.
1111 762 1217 802 quas
1258 751 1372 802 prius
1414 751 1535 801 quasi
1574 762 1651 802 per
1692 761 1839 789 manus
1878 749 2011 789 laicas

138 822 422 875 possederant
453 822 806 874 predecessorum
840 825 1076 860 nostrorum
1107 820 1269 859 minime
1305 820 1506 870 requisito
1548 830 1760 858 consensu
1803 829 1867 857 eo.
1902 819 2012 870 quod

136 892 212 932 tali
244 892 422 931 abusiue
463 891 731 943 adquisitioni
764 890 818 930 de
858 893 1003 929 cetero
1037 888 1387 928 renuntiaverint.
1429 888 1493 926 eis
1527 886 1828 927 confirmamus.
1893 885 2013 928 Con-

137 959 343 1001 firmamus
376 960 500 1000 etiam
533 961 597 1000 eis
640 960 825 999 decimas
858 959 913 999 ad
952 970 1029 998 nos
1062 961 1308 1009 spectantes
1351 957 1404 996 de
1436 956 1545 996 uillis
1585 957 1639 996 ad
1674 958 1766 997 illas
1801 958 2013 998 ecclesias

136 1029 444 1082 pertinentibus
478 1039 559 1081 que
592 1029 762 1081 proprie
795 1031 892 1068 sunt
924 1028 1096 1067 claustri
1129 1037 1233 1079 quas
1259 1026 1443 1066 decimas
1476 1026 1638 1081 vvlgus
1671 1028 1876 1069 credebat
1909 1040 2012 1079 spe-

136 1102 257 1139 ctare
289 1098 344 1137 ad
375 1099 683 1150 preposituram
723 1097 1117 1137 Bolezblauiensem
1150 1107 1271 1147 quam
1310 1095 1446 1135 multis
1479 1096 1734 1147 temporibus
1777 1098 2012 1150 predeces-

136 1179 261 1208 sores
307 1167 440 1207 nostri
487 1167 773 1219 possederunt
822 1170 864 1206 et
912 1177 988 1205 nos
1037 1164 1316 1217 possidemus.
1379 1164 1531 1204 Abbas
1578 1177 1786 1216 personas
1834 1167 2012 1207 idoneas

137 1237 340 1289 episcopo
388 1240 658 1289 representet
706 1237 774 1288 qui
814 1236 868 1275 ab
911 1247 963 1275 eo
1010 1245 1152 1274 curam
1191 1234 1417 1273 animarum
1465 1235 1685 1286 recipiant.
1728 1236 1930 1288 episcopo
1971 1238 2012 1276 in

138 1305 426 1358 spiritualibus
467 1305 610 1345 abbati
651 1316 755 1345 vero
796 1305 836 1344 in
877 1303 1175 1355 temporalibus
1222 1304 1483 1354 responsuri.
1549 1303 1753 1343 Volumus
1794 1309 1930 1345 autem
1969 1310 2014 1345 ut

136 1375 272 1415 abbas
310 1375 500 1426 requirat
550 1376 747 1429 integras
792 1374 978 1413 decimas
1026 1384 1052 1412 a
1092 1373 1181 1411 suis
1221 1372 1547 1424 parochialibus.
1591 1376 1634 1412 et
1673 1374 2010 1414 contradictores

136 1444 217 1484 nisi
250 1445 507 1495 resipuerint
539 1444 921 1484 excommunicatos
955 1442 1184 1481 denuntiet.
1248 1441 1305 1480 Et
1335 1452 1390 1480 ne
1423 1452 1554 1492 super
1585 1441 1666 1481 hiis
1699 1454 1724 1482 a
1756 1443 1875 1482 modo
1908 1455 2012 1494 pos-

138 1512 222 1553 sint
264 1513 446 1567 gravari
490 1512 601 1552 hanc
647 1515 793 1552 nostre
840 1509 1164 1552 confirmationis
1206 1510 1406 1565 paginam
1454 1510 1599 1564 sigillo
1647 1514 1793 1551 nostro
1838 1509 2011 1551 fecimus

139 1593 299 1621 muniri.

451 1680 505 1712 Ex
528 1680 724 1723 originali
749 1679 898 1722 ejusdem
922 1679 1111 1711 monasterii
1135 1679 1168 1710 in
1190 1679 1360 1718 registrat.
1384 1688 1413 1710 c.
1438 1688 1463 1710 r.
1489 1677 1657 1711 Gubermi.

1006 1888 1145 1932 CXII.

267 1985 505 2046 Honorius
552 2015 661 2055 papa
699 2003 775 2043 ΙΙΙ.
824 2003 942 2043 mittit
988 2001 1246 2057 Gregorium
1296 2000 1349 2040 de
1397 1999 1662 2055 crescentio,
1709 2013 1744 2041 s.
1794 2001 2009 2043 Theodori

139 2074 356 2113 diaconum
399 2073 667 2127 cardinalem⁷
708 2073 966 2124 apostolicae
1008 2071 1125 2111 sedis
1164 2071 1355 2125 legatum
1387 2070 1429 2110 in
1470 2071 1707 2122 Boemiam,
1747 2072 2007 2125 Moraviam,

139 2142 368 2195 Poloniam7
408 2142 712 2196 Pomeraniam,
754 2141 967 2195 Sueciam⁷
1007 2140 1188 2180 Daniam
1235 2143 1277 2180 et
1317 2138 1582 2180 Germaniam
1622 2141 2007 2195 septentrionalem,

138 2222 229 2250 cum
262 2210 386 2261 plena
420 2214 640 2261 potestate.
703 2211 774 2251 Dt.
809 2210 891 2251 31.
924 2209 1190 2263 Decembris7
1231 2208 1383 2248 1220.

449 2321 669 2365 Palacky's
693 2323 796 2356 Reise
819 2332 896 2366 pag.
921 2321 985 2356 22.
1008 2341 1049 2346 -
1074 2331 1093 2355 e
1116 2322 1300 2365 Regesto
1324 2321 1496 2354 Honorii
1521 2321 1584 2354 111.
1608 2321 1661 2354 lib.
1686 2321 1725 2353 V.
1751 2322 1847 2363 epist.
1871 2319 1961 2353 307.
