<?xml version="1.0" encoding="UTF-8"?>
<!DOCTYPE html PUBLIC "-//W3C//DTD XHTML 1.0 Transitional//EN"
    "http://www.w3.org/TR/xhtml1/DTD/xhtml1-transitional.dtd">
<html xmlns="http://www.w3.org/1999/xhtml" xml:lang="en" lang="en">
 <head>
  <title>
</title>
<meta http-equiv="Content-Type" content="text/html;charset=utf-8" />
  <meta name='ocr-system' content='tesseract 3.04.00' />
  <meta name='ocr-capabilities' content='ocr_page ocr_carea ocr_par ocr_line ocrx_word'/>
</head>
<body>
  <div class='ocr_page' id='page_1' title='image "./codexdiplomaticu02morauoft_0315.png"; bbox 0 0 2212 2876; ppageno 0'>
   <div class='ocr_carea' id='block_1_1' title="bbox 1026 114 1131 156">
    <p class='ocr_par' dir='ltr' id='par_1_1' title="bbox 1026 114 1131 156">
     <span class='ocr_line' id='line_1_1' title="bbox 1026 114 1131 156; baseline 0.01 -1"><span class='ocrx_word' id='word_1_1' title='bbox 1026 114 1131 156; x_wconf 81' lang='lat'>305</span> 
     </span>
    </p>
   </div>
   <div class='ocr_carea' id='block_1_2' title="bbox 116 256 2030 2590">
    <p class='ocr_par' dir='ltr' id='par_1_2' title="bbox 116 256 2030 2590">
     <span class='ocr_line' id='line_1_2' title="bbox 140 256 2013 311; baseline -0.001 -10"><span class='ocrx_word' id='word_1_2' title='bbox 140 261 277 302; x_wconf 89' lang='lat' dir='ltr'>nullus</span> <span class='ocrx_word' id='word_1_3' title='bbox 311 259 467 300; x_wconf 80' lang='lat' dir='ltr'>audeat</span> <span class='ocrx_word' id='word_1_4' title='bbox 499 259 700 298; x_wconf 87' lang='lat' dir='ltr'>retinere.</span> <span class='ocrx_word' id='word_1_5' title='bbox 755 256 860 297; x_wconf 91' lang='lat' dir='ltr'>Illud</span> <span class='ocrx_word' id='word_1_6' title='bbox 894 258 1124 298; x_wconf 83' lang='lat' dir='ltr'>districtius</span> <span class='ocrx_word' id='word_1_7' title='bbox 1158 257 1397 298; x_wconf 68' lang='lat' dir='ltr'>inhibentes</span> <span class='ocrx_word' id='word_1_8' title='bbox 1432 269 1484 298; x_wconf 92' lang='lat' dir='ltr'>ne</span> <span class='ocrx_word' id='word_1_9' title='bbox 1517 261 1657 300; x_wconf 85' lang='lat' dir='ltr'>terras</span> <span class='ocrx_word' id='word_1_10' title='bbox 1690 269 1767 297; x_wconf 89' lang='lat' dir='ltr'>seu</span> <span class='ocrx_word' id='word_1_11' title='bbox 1800 259 2013 311; x_wconf 84' lang='lat' dir='ltr'>quodlibet</span> 
     </span>
     <span class='ocr_line' id='line_1_3' title="bbox 140 327 2012 379; baseline -0.001 -9"><span class='ocrx_word' id='word_1_12' title='bbox 140 327 386 370; x_wconf 89' lang='lat' dir='ltr'>beneficium</span> <span class='ocrx_word' id='word_1_13' title='bbox 420 328 605 369; x_wconf 82' lang='lat' dir='ltr'>ecclesie</span> <span class='ocrx_word' id='word_1_14' title='bbox 638 330 783 367; x_wconf 88' lang='lat' dir='ltr'>uestre</span> <span class='ocrx_word' id='word_1_15' title='bbox 816 327 1021 367; x_wconf 84' lang='lat' dir='ltr'>collatum.</span> <span class='ocrx_word' id='word_1_16' title='bbox 1054 328 1181 367; x_wconf 89' lang='lat' dir='ltr'>liceat</span> <span class='ocrx_word' id='word_1_17' title='bbox 1214 328 1336 366; x_wconf 82' lang='lat' dir='ltr'>alicui</span> <span class='ocrx_word' id='word_1_18' title='bbox 1371 328 1652 379; x_wconf 89' lang='lat' dir='ltr'>personaliter</span> <span class='ocrx_word' id='word_1_19' title='bbox 1685 328 1773 367; x_wconf 87' lang='lat' dir='ltr'>dari</span> <span class='ocrx_word' id='word_1_20' title='bbox 1807 331 1898 368; x_wconf 90' lang='lat' dir='ltr'>siue</span> <span class='ocrx_word' id='word_1_21' title='bbox 1931 329 2012 369; x_wconf 91' lang='lat' dir='ltr'>alio</span> 
     </span>
     <span class='ocr_line' id='line_1_4' title="bbox 140 397 2014 454; baseline -0.001 -15"><span class='ocrx_word' id='word_1_22' title='bbox 140 399 260 440; x_wconf 87' lang='lat' dir='ltr'>modo</span> <span class='ocrx_word' id='word_1_23' title='bbox 295 399 472 437; x_wconf 89' lang='lat' dir='ltr'>alienari</span> <span class='ocrx_word' id='word_1_24' title='bbox 498 398 661 449; x_wconf 82' lang='lat' dir='ltr'>absque</span> <span class='ocrx_word' id='word_1_25' title='bbox 694 407 909 435; x_wconf 88' lang='lat' dir='ltr'>consensu</span> <span class='ocrx_word' id='word_1_26' title='bbox 936 398 1061 436; x_wconf 89' lang='lat' dir='ltr'>totius</span> <span class='ocrx_word' id='word_1_27' title='bbox 1086 397 1253 448; x_wconf 85' lang='lat' dir='ltr'>capituli</span> <span class='ocrx_word' id='word_1_28' title='bbox 1281 397 1350 436; x_wconf 91' lang='lat' dir='ltr'>uel</span> <span class='ocrx_word' id='word_1_29' title='bbox 1375 398 1652 454; x_wconf 33' lang='lat' dir='ltr'>maioris-aut</span> <span class='ocrx_word' id='word_1_30' title='bbox 1670 398 1854 437; x_wconf 88' lang='lat' dir='ltr'>sanioris</span> <span class='ocrx_word' id='word_1_31' title='bbox 1884 398 2014 448; x_wconf 85' lang='lat' dir='ltr'>partis</span> 
     </span>
     <span class='ocr_line' id='line_1_5' title="bbox 146 464 2015 519; baseline -0.001 -12"><span class='ocrx_word' id='word_1_32' title='bbox 146 468 292 519; x_wconf 88' lang='lat' dir='ltr'>ipsius.</span> <span class='ocrx_word' id='word_1_33' title='bbox 340 467 473 519; x_wconf 85' lang='lat' dir='ltr'>Sique</span> <span class='ocrx_word' id='word_1_34' title='bbox 497 477 600 506; x_wconf 90' lang='lat' dir='ltr'>uero</span> <span class='ocrx_word' id='word_1_35' title='bbox 634 465 882 505; x_wconf 79' lang='lat' dir='ltr'>donationes</span> <span class='ocrx_word' id='word_1_36' title='bbox 916 470 987 505; x_wconf 88' lang='lat' dir='ltr'>aut</span> <span class='ocrx_word' id='word_1_37' title='bbox 1011 466 1287 505; x_wconf 82' lang='lat' dir='ltr'>alienationes</span> <span class='ocrx_word' id='word_1_38' title='bbox 1315 466 1437 505; x_wconf 84' lang='lat' dir='ltr'>aliter</span> <span class='ocrx_word' id='word_1_39' title='bbox 1470 478 1587 518; x_wconf 89' lang='lat' dir='ltr'>quam</span> <span class='ocrx_word' id='word_1_40' title='bbox 1622 467 1771 506; x_wconf 88' lang='lat' dir='ltr'>dictum</span> <span class='ocrx_word' id='word_1_41' title='bbox 1805 470 1870 506; x_wconf 84' lang='lat' dir='ltr'>est</span> <span class='ocrx_word' id='word_1_42' title='bbox 1902 464 2015 507; x_wconf 79' lang='lat' dir='ltr'>facte</span> 
     </span>
     <span class='ocr_line' id='line_1_6' title="bbox 141 535 2016 586; baseline -0.001 -10"><span class='ocrx_word' id='word_1_43' title='bbox 141 535 308 577; x_wconf 85' lang='lat' dir='ltr'>suerint.</span> <span class='ocrx_word' id='word_1_44' title='bbox 342 547 418 575; x_wconf 91' lang='lat' dir='ltr'>eas</span> <span class='ocrx_word' id='word_1_45' title='bbox 441 536 582 574; x_wconf 88' lang='lat' dir='ltr'>irritas</span> <span class='ocrx_word' id='word_1_46' title='bbox 617 545 716 574; x_wconf 88' lang='lat' dir='ltr'>esse</span> <span class='ocrx_word' id='word_1_47' title='bbox 743 545 979 574; x_wconf 81' lang='lat' dir='ltr'>censemus.</span> <span class='ocrx_word' id='word_1_48' title='bbox 1025 536 1207 586; x_wconf 77' lang='lat' dir='ltr'>Insuper</span> <span class='ocrx_word' id='word_1_49' title='bbox 1237 536 1485 574; x_wconf 82' lang='lat' dir='ltr'>anctoritate</span> <span class='ocrx_word' id='word_1_50' title='bbox 1519 536 1750 586; x_wconf 87' lang='lat' dir='ltr'>apostolica</span> <span class='ocrx_word' id='word_1_51' title='bbox 1784 535 2016 575; x_wconf 86' lang='lat' dir='ltr'>inhibemus</span> 
     </span>
     <span class='ocr_line' id='line_1_7' title="bbox 142 603 2016 656; baseline -0.001 -11"><span class='ocrx_word' id='word_1_52' title='bbox 142 605 342 646; x_wconf 67' lang='lat' dir='ltr'>uie-ullus</span> <span class='ocrx_word' id='word_1_53' title='bbox 384 605 624 656; x_wconf 85' lang='lat' dir='ltr'>Episcopus</span> <span class='ocrx_word' id='word_1_54' title='bbox 663 603 731 642; x_wconf 91' lang='lat' dir='ltr'>uel</span> <span class='ocrx_word' id='word_1_55' title='bbox 773 604 958 655; x_wconf 84' lang='lat' dir='ltr'>quelibet</span> <span class='ocrx_word' id='word_1_56' title='bbox 998 604 1079 643; x_wconf 90' lang='lat' dir='ltr'>alia</span> <span class='ocrx_word' id='word_1_57' title='bbox 1122 615 1318 655; x_wconf 87' lang='lat' dir='ltr'>persona.</span> <span class='ocrx_word' id='word_1_58' title='bbox 1359 603 1412 643; x_wconf 85' lang='lat' dir='ltr'>ad</span> <span class='ocrx_word' id='word_1_59' title='bbox 1460 605 1631 643; x_wconf 85' lang='lat' dir='ltr'>sinodos</span> <span class='ocrx_word' id='word_1_60' title='bbox 1674 605 1742 644; x_wconf 91' lang='lat' dir='ltr'>uel</span> <span class='ocrx_word' id='word_1_61' title='bbox 1783 608 2016 644; x_wconf 87' lang='lat' dir='ltr'>conuentus</span> 
     </span>
     <span class='ocr_line' id='line_1_8' title="bbox 141 672 2019 726; baseline 0 -12"><span class='ocrx_word' id='word_1_62' title='bbox 141 672 340 714; x_wconf 79' lang='lat' dir='ltr'>forenses</span> <span class='ocrx_word' id='word_1_63' title='bbox 373 685 451 713; x_wconf 91' lang='lat' dir='ltr'>uos</span> <span class='ocrx_word' id='word_1_64' title='bbox 484 674 547 712; x_wconf 91' lang='lat' dir='ltr'>ire</span> <span class='ocrx_word' id='word_1_65' title='bbox 579 672 649 712; x_wconf 90' lang='lat' dir='ltr'>uel</span> <span class='ocrx_word' id='word_1_66' title='bbox 682 672 832 712; x_wconf 86' lang='lat' dir='ltr'>iudicio</span> <span class='ocrx_word' id='word_1_67' title='bbox 866 673 1049 712; x_wconf 86' lang='lat' dir='ltr'>seculari</span> <span class='ocrx_word' id='word_1_68' title='bbox 1077 673 1129 712; x_wconf 87' lang='lat' dir='ltr'>de</span> <span class='ocrx_word' id='word_1_69' title='bbox 1161 678 1306 712; x_wconf 82' lang='lat' dir='ltr'>uestra</span> <span class='ocrx_word' id='word_1_70' title='bbox 1340 674 1508 724; x_wconf 88' lang='lat' dir='ltr'>propria</span> <span class='ocrx_word' id='word_1_71' title='bbox 1543 674 1777 713; x_wconf 79' lang='lat' dir='ltr'>substantia</span> <span class='ocrx_word' id='word_1_72' title='bbox 1815 674 1884 713; x_wconf 92' lang='lat' dir='ltr'>uel</span> <span class='ocrx_word' id='word_1_73' title='bbox 1916 686 2019 726; x_wconf 87' lang='lat' dir='ltr'>pos-</span> 
     </span>
     <span class='ocr_line' id='line_1_9' title="bbox 145 742 2018 792; baseline 0 -9"><span class='ocrx_word' id='word_1_74' title='bbox 145 743 411 783; x_wconf 84' lang='lat' dir='ltr'>sessionibus</span> <span class='ocrx_word' id='word_1_75' title='bbox 458 743 615 781; x_wconf 85' lang='lat' dir='ltr'>nestris</span> <span class='ocrx_word' id='word_1_76' title='bbox 664 742 890 781; x_wconf 86' lang='lat' dir='ltr'>subiacere</span> <span class='ocrx_word' id='word_1_77' title='bbox 940 743 1171 792; x_wconf 87' lang='lat' dir='ltr'>compellat.</span> <span class='ocrx_word' id='word_1_78' title='bbox 1235 742 1329 781; x_wconf 89' lang='lat' dir='ltr'>Nec</span> <span class='ocrx_word' id='word_1_79' title='bbox 1379 743 1430 782; x_wconf 89' lang='lat' dir='ltr'>ad</span> <span class='ocrx_word' id='word_1_80' title='bbox 1479 743 1620 782; x_wconf 88' lang='lat' dir='ltr'>domos</span> <span class='ocrx_word' id='word_1_81' title='bbox 1668 748 1837 783; x_wconf 87' lang='lat' dir='ltr'>uestras</span> <span class='ocrx_word' id='word_1_82' title='bbox 1884 755 2018 783; x_wconf 85' lang='lat' dir='ltr'>causa</span> 
     </span>
     <span class='ocr_line' id='line_1_10' title="bbox 144 810 2018 864; baseline 0.001 -13"><span class='ocrx_word' id='word_1_83' title='bbox 144 812 315 852; x_wconf 85' lang='lat' dir='ltr'>ordines</span> <span class='ocrx_word' id='word_1_84' title='bbox 355 811 614 851; x_wconf 89' lang='lat' dir='ltr'>celebrandi.</span> <span class='ocrx_word' id='word_1_85' title='bbox 648 810 802 850; x_wconf 83' lang='lat' dir='ltr'>causas</span> <span class='ocrx_word' id='word_1_86' title='bbox 841 811 1050 850; x_wconf 89' lang='lat' dir='ltr'>tractandi</span> <span class='ocrx_word' id='word_1_87' title='bbox 1090 811 1158 850; x_wconf 91' lang='lat' dir='ltr'>uel</span> <span class='ocrx_word' id='word_1_88' title='bbox 1199 812 1361 862; x_wconf 81' lang='lat' dir='ltr'>aliquos</span> <span class='ocrx_word' id='word_1_89' title='bbox 1404 816 1638 851; x_wconf 87' lang='lat' dir='ltr'>conuentus</span> <span class='ocrx_word' id='word_1_90' title='bbox 1680 813 1871 864; x_wconf 90' lang='lat' dir='ltr'>publicos</span> <span class='ocrx_word' id='word_1_91' title='bbox 1911 824 2018 852; x_wconf 90' lang='lat' dir='ltr'>con-</span> 
     </span>
     <span class='ocr_line' id='line_1_11' title="bbox 142 880 2018 940; baseline 0.001 -19"><span class='ocrx_word' id='word_1_92' title='bbox 142 881 322 921; x_wconf 89' lang='lat' dir='ltr'>uocandi</span> <span class='ocrx_word' id='word_1_93' title='bbox 354 881 502 920; x_wconf 89' lang='lat' dir='ltr'>uenire</span> <span class='ocrx_word' id='word_1_94' title='bbox 547 883 759 931; x_wconf 76' lang='lat' dir='ltr'>presumat</span> <span class='ocrx_word' id='word_1_95' title='bbox 798 890 878 919; x_wconf 91' lang='lat' dir='ltr'>nec</span> <span class='ocrx_word' id='word_1_96' title='bbox 911 880 1157 933; x_wconf 77' lang='lat' dir='ltr'>regularem</span> <span class='ocrx_word' id='word_1_97' title='bbox 1200 880 1446 919; x_wconf 83' lang='lat' dir='ltr'>electionem</span> <span class='ocrx_word' id='word_1_98' title='bbox 1488 881 1739 933; x_wconf 23' lang='lat' dir='ltr'>Abbatisse-</span> <span class='ocrx_word' id='word_1_99' title='bbox 1760 886 1906 940; x_wconf 81' lang='lat' dir='ltr'>uestre</span> <span class='ocrx_word' id='word_1_100' title='bbox 1940 883 2018 922; x_wconf 89' lang='lat' dir='ltr'>im-</span> 
     </span>
     <span class='ocr_line' id='line_1_12' title="bbox 146 944 2017 1002; baseline 0.001 -12"><span class='ocrx_word' id='word_1_101' title='bbox 146 950 287 1002; x_wconf 87' lang='lat' dir='ltr'>pediat</span> <span class='ocrx_word' id='word_1_102' title='bbox 318 954 389 989; x_wconf 85' lang='lat' dir='ltr'>aut</span> <span class='ocrx_word' id='word_1_103' title='bbox 422 949 475 989; x_wconf 91' lang='lat' dir='ltr'>de</span> <span class='ocrx_word' id='word_1_104' title='bbox 507 948 764 988; x_wconf 89' lang='lat' dir='ltr'>instituenda</span> <span class='ocrx_word' id='word_1_105' title='bbox 797 948 866 987; x_wconf 92' lang='lat' dir='ltr'>uel</span> <span class='ocrx_word' id='word_1_106' title='bbox 888 949 1143 988; x_wconf 83' lang='lat' dir='ltr'>remouenda</span> <span class='ocrx_word' id='word_1_107' title='bbox 1178 960 1230 987; x_wconf 81' lang='lat' dir='ltr'>ea</span> <span class='ocrx_word' id='word_1_108' title='bbox 1255 960 1336 1000; x_wconf 90' lang='lat' dir='ltr'>que</span> <span class='ocrx_word' id='word_1_109' title='bbox 1371 961 1445 999; x_wconf 90' lang='lat' dir='ltr'>pro</span> <span class='ocrx_word' id='word_1_110' title='bbox 1479 953 1665 1001; x_wconf 85' lang='lat' dir='ltr'>tempore</span> <span class='ocrx_word' id='word_1_111' title='bbox 1698 944 1835 991; x_wconf 87' lang='lat' dir='ltr'>suerit.</span> <span class='ocrx_word' id='word_1_112' title='bbox 1869 955 2017 992; x_wconf 90' lang='lat' dir='ltr'>contra</span> 
     </span>
     <span class='ocr_line' id='line_1_13' title="bbox 143 1017 2019 1069; baseline 0.002 -10"><span class='ocrx_word' id='word_1_113' title='bbox 143 1023 298 1059; x_wconf 86' lang='lat' dir='ltr'>statuta</span> <span class='ocrx_word' id='word_1_114' title='bbox 326 1018 632 1060; x_wconf 67' lang='lat' dir='ltr'>cisterciensis</span> <span class='ocrx_word' id='word_1_115' title='bbox 662 1017 819 1057; x_wconf 87' lang='lat' dir='ltr'>ordinis</span> <span class='ocrx_word' id='word_1_116' title='bbox 846 1025 900 1056; x_wconf 85' lang='lat' dir='ltr'>se·</span> <span class='ocrx_word' id='word_1_117' title='bbox 922 1017 1185 1069; x_wconf 87' lang='lat' dir='ltr'>aliquatenus</span> <span class='ocrx_word' id='word_1_118' title='bbox 1211 1020 1462 1058; x_wconf 80' lang='lat' dir='ltr'>intromittat.</span> <span class='ocrx_word' id='word_1_119' title='bbox 1513 1020 1595 1059; x_wconf 85' lang='lat' dir='ltr'>Pro</span> <span class='ocrx_word' id='word_1_120' title='bbox 1623 1022 2019 1062; x_wconf 88' lang='lat' dir='ltr'>consecrationibus</span> 
     </span>
     <span class='ocr_line' id='line_1_14' title="bbox 144 1086 2018 1141; baseline 0.002 -14"><span class='ocrx_word' id='word_1_121' title='bbox 144 1099 247 1128; x_wconf 89' lang='lat' dir='ltr'>uero</span> <span class='ocrx_word' id='word_1_122' title='bbox 281 1087 469 1126; x_wconf 89' lang='lat' dir='ltr'>altarium</span> <span class='ocrx_word' id='word_1_123' title='bbox 491 1087 559 1126; x_wconf 89' lang='lat' dir='ltr'>uel</span> <span class='ocrx_word' id='word_1_124' title='bbox 594 1086 870 1126; x_wconf 83' lang='lat' dir='ltr'>ecclesiarum</span> <span class='ocrx_word' id='word_1_125' title='bbox 897 1087 988 1126; x_wconf 83' lang='lat' dir='ltr'>siue</span> <span class='ocrx_word' id='word_1_126' title='bbox 1022 1099 1096 1138; x_wconf 91' lang='lat' dir='ltr'>pro</span> <span class='ocrx_word' id='word_1_127' title='bbox 1124 1087 1215 1126; x_wconf 90' lang='lat' dir='ltr'>oleo</span> <span class='ocrx_word' id='word_1_128' title='bbox 1249 1093 1396 1127; x_wconf 87' lang='lat' dir='ltr'>sancto</span> <span class='ocrx_word' id='word_1_129' title='bbox 1420 1088 1488 1127; x_wconf 86' lang='lat' dir='ltr'>uel</span> <span class='ocrx_word' id='word_1_130' title='bbox 1516 1089 1697 1141; x_wconf 87' lang='lat' dir='ltr'>quolibet</span> <span class='ocrx_word' id='word_1_131' title='bbox 1723 1089 2018 1131; x_wconf 86' lang='lat' dir='ltr'>ecclesiastico</span> 
     </span>
     <span class='ocr_line' id='line_1_15' title="bbox 144 1146 2019 1212; baseline 0.002 -16"><span class='ocrx_word' id='word_1_132' title='bbox 144 1160 423 1196; x_wconf 83' lang='lat' dir='ltr'>sacramento.</span> <span class='ocrx_word' id='word_1_133' title='bbox 457 1156 593 1195; x_wconf 89' lang='lat' dir='ltr'>nullus</span> <span class='ocrx_word' id='word_1_134' title='bbox 636 1167 661 1194; x_wconf 89' lang='lat' dir='ltr'>a</span> <span class='ocrx_word' id='word_1_135' title='bbox 694 1156 814 1194; x_wconf 86' lang='lat' dir='ltr'>nobis</span> <span class='ocrx_word' id='word_1_136' title='bbox 854 1156 932 1195; x_wconf 85' lang='lat' dir='ltr'>sub</span> <span class='ocrx_word' id='word_1_137' title='bbox 967 1156 1139 1195; x_wconf 88' lang='lat' dir='ltr'>obtentu</span> <span class='ocrx_word' id='word_1_138' title='bbox 1172 1146 1488 1197; x_wconf 65' lang='lat' dir='ltr'>consuetudinis</span> <span class='ocrx_word' id='word_1_139' title='bbox 1527 1158 1595 1197; x_wconf 88' lang='lat' dir='ltr'>uel</span> <span class='ocrx_word' id='word_1_140' title='bbox 1629 1159 1709 1198; x_wconf 90' lang='lat' dir='ltr'>alio</span> <span class='ocrx_word' id='word_1_141' title='bbox 1743 1159 1863 1199; x_wconf 90' lang='lat' dir='ltr'>modo</span> <span class='ocrx_word' id='word_1_142' title='bbox 1898 1160 2019 1212; x_wconf 91' lang='lat' dir='ltr'>quic-</span> 
     </span>
     <span class='ocr_line' id='line_1_16' title="bbox 145 1224 2019 1280; baseline 0.002 -15"><span class='ocrx_word' id='word_1_143' title='bbox 145 1237 265 1278; x_wconf 90' lang='lat' dir='ltr'>quam</span> <span class='ocrx_word' id='word_1_144' title='bbox 306 1225 461 1266; x_wconf 83' lang='lat' dir='ltr'>audeat</span> <span class='ocrx_word' id='word_1_145' title='bbox 509 1228 782 1276; x_wconf 86' lang='lat' dir='ltr'>extorquere.</span> <span class='ocrx_word' id='word_1_146' title='bbox 823 1224 902 1264; x_wconf 88' lang='lat' dir='ltr'>sed</span> <span class='ocrx_word' id='word_1_147' title='bbox 953 1225 1087 1264; x_wconf 89' lang='lat' dir='ltr'>omnia</span> <span class='ocrx_word' id='word_1_148' title='bbox 1130 1226 1271 1280; x_wconf 88' lang='lat' dir='ltr'>gratis</span> <span class='ocrx_word' id='word_1_149' title='bbox 1313 1226 1434 1266; x_wconf 88' lang='lat' dir='ltr'>uobis</span> <span class='ocrx_word' id='word_1_150' title='bbox 1482 1227 1722 1279; x_wconf 79' lang='lat' dir='ltr'>Episcopus</span> <span class='ocrx_word' id='word_1_151' title='bbox 1762 1228 2019 1269; x_wconf 88' lang='lat' dir='ltr'>diocesanus</span> 
     </span>
     <span class='ocr_line' id='line_1_17' title="bbox 144 1293 2019 1347; baseline 0.002 -13"><span class='ocrx_word' id='word_1_152' title='bbox 144 1294 367 1347; x_wconf 85' lang='lat' dir='ltr'>impendat.</span> <span class='ocrx_word' id='word_1_153' title='bbox 431 1294 629 1346; x_wconf 87' lang='lat' dir='ltr'>Alioquin</span> <span class='ocrx_word' id='word_1_154' title='bbox 669 1294 794 1333; x_wconf 89' lang='lat' dir='ltr'>liceat</span> <span class='ocrx_word' id='word_1_155' title='bbox 833 1293 955 1333; x_wconf 89' lang='lat' dir='ltr'>uobis</span> <span class='ocrx_word' id='word_1_156' title='bbox 1006 1304 1295 1345; x_wconf 88' lang='lat' dir='ltr'>quemcunque</span> <span class='ocrx_word' id='word_1_157' title='bbox 1335 1295 1564 1335; x_wconf 85' lang='lat' dir='ltr'>malueritis</span> <span class='ocrx_word' id='word_1_158' title='bbox 1612 1296 1859 1337; x_wconf 89' lang='lat' dir='ltr'>catholicum</span> <span class='ocrx_word' id='word_1_159' title='bbox 1899 1298 2019 1338; x_wconf 88' lang='lat' dir='ltr'>adire</span> 
     </span>
     <span class='ocr_line' id='line_1_18' title="bbox 146 1363 2020 1419; baseline 0.002 -16"><span class='ocrx_word' id='word_1_160' title='bbox 146 1364 375 1404; x_wconf 80' lang='lat' dir='ltr'>antistitem</span> <span class='ocrx_word' id='word_1_161' title='bbox 414 1363 597 1417; x_wconf 78' lang='lat' dir='ltr'>gratiam</span> <span class='ocrx_word' id='word_1_162' title='bbox 638 1365 680 1401; x_wconf 90' lang='lat' dir='ltr'>et</span> <span class='ocrx_word' id='word_1_163' title='bbox 712 1363 1036 1402; x_wconf 88' lang='lat' dir='ltr'>communionem</span> <span class='ocrx_word' id='word_1_164' title='bbox 1076 1364 1308 1414; x_wconf 85' lang='lat' dir='ltr'>apostolice</span> <span class='ocrx_word' id='word_1_165' title='bbox 1352 1365 1468 1404; x_wconf 87' lang='lat' dir='ltr'>sedis</span> <span class='ocrx_word' id='word_1_166' title='bbox 1508 1365 1730 1405; x_wconf 85' lang='lat' dir='ltr'>habentem</span> <span class='ocrx_word' id='word_1_167' title='bbox 1771 1367 1838 1419; x_wconf 92' lang='lat' dir='ltr'>qui</span> <span class='ocrx_word' id='word_1_168' title='bbox 1873 1371 2020 1407; x_wconf 84' lang='lat' dir='ltr'>nostra</span> 
     </span>
     <span class='ocr_line' id='line_1_19' title="bbox 145 1420 2030 1485; baseline 0.003 -14"><span class='ocrx_word' id='word_1_169' title='bbox 145 1430 278 1472; x_wconf 84' lang='lat' dir='ltr'>fretus</span> <span class='ocrx_word' id='word_1_170' title='bbox 312 1432 562 1471; x_wconf 85' lang='lat' dir='ltr'>auctoritate</span> <span class='ocrx_word' id='word_1_171' title='bbox 592 1431 713 1471; x_wconf 90' lang='lat' dir='ltr'>nobis</span> <span class='ocrx_word' id='word_1_172' title='bbox 748 1431 855 1483; x_wconf 90' lang='lat' dir='ltr'>quod</span> <span class='ocrx_word' id='word_1_173' title='bbox 888 1431 1122 1483; x_wconf 87' lang='lat' dir='ltr'>postulatur</span> <span class='ocrx_word' id='word_1_174' title='bbox 1155 1433 1374 1485; x_wconf 85' lang='lat' dir='ltr'>impendat.</span> <span class='ocrx_word' id='word_1_175' title='bbox 1426 1433 1545 1483; x_wconf 79' lang='lat' dir='ltr'>Quod</span> <span class='ocrx_word' id='word_1_176' title='bbox 1570 1435 1605 1473; x_wconf 87' lang='lat' dir='ltr'>si</span> <span class='ocrx_word' id='word_1_177' title='bbox 1639 1435 1768 1475; x_wconf 89' lang='lat' dir='ltr'>sedes</span> <span class='ocrx_word' id='word_1_178' title='bbox 1802 1420 2030 1476; x_wconf 70' lang='lat' dir='ltr'>diocesani</span> 
     </span>
     <span class='ocr_line' id='line_1_20' title="bbox 148 1499 2020 1553; baseline 0.003 -13"><span class='ocrx_word' id='word_1_179' title='bbox 148 1502 347 1553; x_wconf 79' lang='lat' dir='ltr'>Episcopi</span> <span class='ocrx_word' id='word_1_180' title='bbox 379 1499 486 1541; x_wconf 87' lang='lat' dir='ltr'>sorte</span> <span class='ocrx_word' id='word_1_181' title='bbox 524 1501 758 1541; x_wconf 84' lang='lat' dir='ltr'>uacauerit.</span> <span class='ocrx_word' id='word_1_182' title='bbox 791 1501 952 1540; x_wconf 85' lang='lat' dir='ltr'>interim</span> <span class='ocrx_word' id='word_1_183' title='bbox 993 1503 1128 1541; x_wconf 87' lang='lat' dir='ltr'>omnia</span> <span class='ocrx_word' id='word_1_184' title='bbox 1168 1503 1464 1543; x_wconf 83' lang='lat' dir='ltr'>ecclesiastica</span> <span class='ocrx_word' id='word_1_185' title='bbox 1505 1508 1771 1544; x_wconf 85' lang='lat' dir='ltr'>sacramenta</span> <span class='ocrx_word' id='word_1_186' title='bbox 1812 1517 1836 1544; x_wconf 85' lang='lat' dir='ltr'>a</span> <span class='ocrx_word' id='word_1_187' title='bbox 1869 1506 2020 1546; x_wconf 89' lang='lat' dir='ltr'>uicinis</span> 
     </span>
     <span class='ocr_line' id='line_1_21' title="bbox 148 1570 2022 1624; baseline 0.003 -14"><span class='ocrx_word' id='word_1_188' title='bbox 148 1571 373 1622; x_wconf 87' lang='lat' dir='ltr'>Episcopis</span> <span class='ocrx_word' id='word_1_189' title='bbox 406 1571 605 1621; x_wconf 88' lang='lat' dir='ltr'>accipere</span> <span class='ocrx_word' id='word_1_190' title='bbox 638 1570 772 1609; x_wconf 88' lang='lat' dir='ltr'>libere</span> <span class='ocrx_word' id='word_1_191' title='bbox 806 1574 847 1610; x_wconf 86' lang='lat' dir='ltr'>et</span> <span class='ocrx_word' id='word_1_192' title='bbox 880 1571 1043 1622; x_wconf 86' lang='lat' dir='ltr'>absque</span> <span class='ocrx_word' id='word_1_193' title='bbox 1077 1573 1411 1612; x_wconf 81' lang='lat' dir='ltr'>contradictione</span> <span class='ocrx_word' id='word_1_194' title='bbox 1453 1574 1636 1624; x_wconf 88' lang='lat' dir='ltr'>possitis.</span> <span class='ocrx_word' id='word_1_195' title='bbox 1700 1574 1774 1614; x_wconf 86' lang='lat' dir='ltr'>Sic</span> <span class='ocrx_word' id='word_1_196' title='bbox 1807 1577 1944 1615; x_wconf 85' lang='lat' dir='ltr'>tamen</span> <span class='ocrx_word' id='word_1_197' title='bbox 1976 1579 2022 1616; x_wconf 87' lang='lat' dir='ltr'>ut</span> 
     </span>
     <span class='ocr_line' id='line_1_22' title="bbox 147 1639 2020 1697; baseline 0.003 -18"><span class='ocrx_word' id='word_1_198' title='bbox 147 1650 202 1679; x_wconf 86' lang='lat' dir='ltr'>ex</span> <span class='ocrx_word' id='word_1_199' title='bbox 235 1639 315 1679; x_wconf 92' lang='lat' dir='ltr'>hoc</span> <span class='ocrx_word' id='word_1_200' title='bbox 349 1641 389 1678; x_wconf 94' lang='lat' dir='ltr'>in</span> <span class='ocrx_word' id='word_1_201' title='bbox 422 1643 634 1690; x_wconf 88' lang='lat' dir='ltr'>posterum</span> <span class='ocrx_word' id='word_1_202' title='bbox 667 1640 837 1690; x_wconf 91' lang='lat' dir='ltr'>proprio</span> <span class='ocrx_word' id='word_1_203' title='bbox 870 1640 1085 1692; x_wconf 82' lang='lat' dir='ltr'>Episcopo</span> <span class='ocrx_word' id='word_1_204' title='bbox 1120 1642 1271 1681; x_wconf 87' lang='lat' dir='ltr'>nullum</span> <span class='ocrx_word' id='word_1_205' title='bbox 1306 1642 1577 1693; x_wconf 88' lang='lat' dir='ltr'>preiudicium</span> <span class='ocrx_word' id='word_1_206' title='bbox 1611 1647 1860 1697; x_wconf 80' lang='lat' dir='ltr'>generetur.</span> <span class='ocrx_word' id='word_1_207' title='bbox 1912 1643 2020 1694; x_wconf 82' lang='lat' dir='ltr'>Quia</span> 
     </span>
     <span class='ocr_line' id='line_1_23' title="bbox 146 1708 2020 1762; baseline 0.003 -15"><span class='ocrx_word' id='word_1_208' title='bbox 146 1720 249 1748; x_wconf 90' lang='lat' dir='ltr'>uero</span> <span class='ocrx_word' id='word_1_209' title='bbox 283 1708 440 1759; x_wconf 89' lang='lat' dir='ltr'>proprii</span> <span class='ocrx_word' id='word_1_210' title='bbox 472 1708 674 1760; x_wconf 85' lang='lat' dir='ltr'>Episcopi</span> <span class='ocrx_word' id='word_1_211' title='bbox 698 1709 858 1760; x_wconf 87' lang='lat' dir='ltr'>copiam</span> <span class='ocrx_word' id='word_1_212' title='bbox 891 1720 975 1748; x_wconf 91' lang='lat' dir='ltr'>non</span> <span class='ocrx_word' id='word_1_213' title='bbox 999 1709 1165 1749; x_wconf 86' lang='lat' dir='ltr'>habetis</span> <span class='ocrx_word' id='word_1_214' title='bbox 1190 1712 1224 1750; x_wconf 88' lang='lat' dir='ltr'>si</span> <span class='ocrx_word' id='word_1_215' title='bbox 1252 1722 1371 1761; x_wconf 90' lang='lat' dir='ltr'>quem</span> <span class='ocrx_word' id='word_1_216' title='bbox 1400 1712 1653 1762; x_wconf 84' lang='lat' dir='ltr'>Episcopum</span> <span class='ocrx_word' id='word_1_217' title='bbox 1680 1712 1869 1752; x_wconf 86' lang='lat' dir='ltr'>Romane</span> <span class='ocrx_word' id='word_1_218' title='bbox 1903 1713 2020 1753; x_wconf 89' lang='lat' dir='ltr'>sedis</span> 
     </span>
     <span class='ocr_line' id='line_1_24' title="bbox 146 1777 2020 1832; baseline 0.003 -16"><span class='ocrx_word' id='word_1_219' title='bbox 146 1781 191 1817; x_wconf 86' lang='lat' dir='ltr'>ut</span> <span class='ocrx_word' id='word_1_220' title='bbox 224 1777 402 1816; x_wconf 83' lang='lat' dir='ltr'>diximus</span> <span class='ocrx_word' id='word_1_221' title='bbox 435 1778 619 1831; x_wconf 82' lang='lat' dir='ltr'>gratiam</span> <span class='ocrx_word' id='word_1_222' title='bbox 661 1781 703 1817; x_wconf 90' lang='lat' dir='ltr'>et</span> <span class='ocrx_word' id='word_1_223' title='bbox 735 1779 1058 1817; x_wconf 88' lang='lat' dir='ltr'>communionem</span> <span class='ocrx_word' id='word_1_224' title='bbox 1090 1778 1314 1818; x_wconf 87' lang='lat' dir='ltr'>habentem</span> <span class='ocrx_word' id='word_1_225' title='bbox 1357 1784 1399 1819; x_wconf 90' lang='lat' dir='ltr'>et</span> <span class='ocrx_word' id='word_1_226' title='bbox 1440 1780 1492 1820; x_wconf 91' lang='lat' dir='ltr'>de</span> <span class='ocrx_word' id='word_1_227' title='bbox 1526 1792 1606 1832; x_wconf 89' lang='lat' dir='ltr'>quo</span> <span class='ocrx_word' id='word_1_228' title='bbox 1641 1781 1802 1832; x_wconf 86' lang='lat' dir='ltr'>plenam</span> <span class='ocrx_word' id='word_1_229' title='bbox 1835 1783 2020 1823; x_wconf 86' lang='lat' dir='ltr'>notitiam</span> 
     </span>
     <span class='ocr_line' id='line_1_25' title="bbox 147 1845 2019 1901; baseline 0.003 -16"><span class='ocrx_word' id='word_1_230' title='bbox 147 1845 342 1886; x_wconf 90' lang='lat' dir='ltr'>habeatis</span> <span class='ocrx_word' id='word_1_231' title='bbox 367 1857 445 1897; x_wconf 89' lang='lat' dir='ltr'>per</span> <span class='ocrx_word' id='word_1_232' title='bbox 468 1858 544 1886; x_wconf 89' lang='lat' dir='ltr'>uos</span> <span class='ocrx_word' id='word_1_233' title='bbox 572 1848 756 1887; x_wconf 88' lang='lat' dir='ltr'>transire</span> <span class='ocrx_word' id='word_1_234' title='bbox 782 1848 1026 1901; x_wconf 87' lang='lat' dir='ltr'>contigerit.</span> <span class='ocrx_word' id='word_1_235' title='bbox 1053 1848 1106 1887; x_wconf 89' lang='lat' dir='ltr'>ab</span> <span class='ocrx_word' id='word_1_236' title='bbox 1133 1859 1183 1887; x_wconf 88' lang='lat' dir='ltr'>eo</span> <span class='ocrx_word' id='word_1_237' title='bbox 1209 1849 1529 1889; x_wconf 86' lang='lat' dir='ltr'>benedictiones</span> <span class='ocrx_word' id='word_1_238' title='bbox 1558 1862 1753 1890; x_wconf 88' lang='lat' dir='ltr'>uasorum</span> <span class='ocrx_word' id='word_1_239' title='bbox 1776 1854 1818 1891; x_wconf 92' lang='lat' dir='ltr'>et</span> <span class='ocrx_word' id='word_1_240' title='bbox 1841 1852 2019 1892; x_wconf 86' lang='lat' dir='ltr'>uestium</span> 
     </span>
     <span class='ocr_line' id='line_1_26' title="bbox 148 1915 2019 1973; baseline 0.003 -18"><span class='ocrx_word' id='word_1_241' title='bbox 148 1926 202 1956; x_wconf 86' lang='lat' dir='ltr'>ac</span> <span class='ocrx_word' id='word_1_242' title='bbox 234 1915 466 1955; x_wconf 88' lang='lat' dir='ltr'>monialium</span> <span class='ocrx_word' id='word_1_243' title='bbox 500 1917 850 1956; x_wconf 87' lang='lat' dir='ltr'>consecrationes</span> <span class='ocrx_word' id='word_1_244' title='bbox 883 1916 1086 1956; x_wconf 85' lang='lat' dir='ltr'>altarium.</span> <span class='ocrx_word' id='word_1_245' title='bbox 1119 1919 1370 1958; x_wconf 87' lang='lat' dir='ltr'>auctoritate</span> <span class='ocrx_word' id='word_1_246' title='bbox 1410 1919 1641 1970; x_wconf 89' lang='lat' dir='ltr'>apostolice</span> <span class='ocrx_word' id='word_1_247' title='bbox 1674 1920 1790 1960; x_wconf 88' lang='lat' dir='ltr'>sedis</span> <span class='ocrx_word' id='word_1_248' title='bbox 1824 1922 2019 1973; x_wconf 89' lang='lat' dir='ltr'>recipere</span> 
     </span>
     <span class='ocr_line' id='line_1_27' title="bbox 148 1983 2021 2037; baseline 0.004 -14"><span class='ocrx_word' id='word_1_249' title='bbox 148 1983 340 2024; x_wconf 87' lang='lat' dir='ltr'>ualeatis.</span> <span class='ocrx_word' id='word_1_250' title='bbox 404 1983 539 2024; x_wconf 87' lang='lat' dir='ltr'>Porro</span> <span class='ocrx_word' id='word_1_251' title='bbox 572 1986 608 2024; x_wconf 92' lang='lat' dir='ltr'>si</span> <span class='ocrx_word' id='word_1_252' title='bbox 642 1986 843 2037; x_wconf 87' lang='lat' dir='ltr'>Episcopi</span> <span class='ocrx_word' id='word_1_253' title='bbox 875 1985 943 2025; x_wconf 91' lang='lat' dir='ltr'>uel</span> <span class='ocrx_word' id='word_1_254' title='bbox 977 1986 1046 2025; x_wconf 88' lang='lat' dir='ltr'>alii</span> <span class='ocrx_word' id='word_1_255' title='bbox 1080 1986 1354 2026; x_wconf 85' lang='lat' dir='ltr'>ecclesiarum</span> <span class='ocrx_word' id='word_1_256' title='bbox 1388 1988 1600 2027; x_wconf 85' lang='lat' dir='ltr'>Rectores</span> <span class='ocrx_word' id='word_1_257' title='bbox 1641 1990 1679 2028; x_wconf 92' lang='lat' dir='ltr'>in</span> <span class='ocrx_word' id='word_1_258' title='bbox 1712 1990 2021 2031; x_wconf 83' lang='lat' dir='ltr'>Monasterium</span> 
     </span>
     <span class='ocr_line' id='line_1_28' title="bbox 148 2053 2021 2107; baseline 0.004 -14"><span class='ocrx_word' id='word_1_259' title='bbox 148 2055 333 2093; x_wconf 88' lang='lat' dir='ltr'>uestrum</span> <span class='ocrx_word' id='word_1_260' title='bbox 365 2053 434 2093; x_wconf 91' lang='lat' dir='ltr'>uel</span> <span class='ocrx_word' id='word_1_261' title='bbox 460 2065 672 2104; x_wconf 88' lang='lat' dir='ltr'>personas</span> <span class='ocrx_word' id='word_1_262' title='bbox 705 2055 806 2094; x_wconf 92' lang='lat' dir='ltr'>inibi</span> <span class='ocrx_word' id='word_1_263' title='bbox 846 2055 1094 2095; x_wconf 90' lang='lat' dir='ltr'>constitutas</span> <span class='ocrx_word' id='word_1_264' title='bbox 1127 2057 1432 2107; x_wconf 86' lang='lat' dir='ltr'>suspensionis.</span> <span class='ocrx_word' id='word_1_265' title='bbox 1476 2059 1917 2099; x_wconf 85' lang='lat' dir='ltr'>excommunicationis</span> <span class='ocrx_word' id='word_1_266' title='bbox 1950 2061 2021 2100; x_wconf 83' lang='lat' dir='ltr'>uel</span> 
     </span>
     <span class='ocr_line' id='line_1_29' title="bbox 116 2109 2019 2181; baseline 0.005 -21"><span class='ocrx_word' id='word_1_267' title='bbox 116 2109 358 2161; x_wconf 36' lang='lat' dir='ltr'>*interdicti</span> <span class='ocrx_word' id='word_1_268' title='bbox 391 2123 627 2162; x_wconf 88' lang='lat' dir='ltr'>sententias</span> <span class='ocrx_word' id='word_1_269' title='bbox 653 2124 1027 2178; x_wconf 86' lang='lat' dir='ltr'>promulgauerint.</span> <span class='ocrx_word' id='word_1_270' title='bbox 1061 2125 1154 2164; x_wconf 88' lang='lat' dir='ltr'>siue</span> <span class='ocrx_word' id='word_1_271' title='bbox 1179 2126 1302 2165; x_wconf 86' lang='lat' dir='ltr'>etiam</span> <span class='ocrx_word' id='word_1_272' title='bbox 1336 2126 1376 2165; x_wconf 90' lang='lat' dir='ltr'>in</span> <span class='ocrx_word' id='word_1_273' title='bbox 1408 2127 1708 2168; x_wconf 85' lang='lat' dir='ltr'>Mercenarios</span> <span class='ocrx_word' id='word_1_274' title='bbox 1741 2132 1910 2168; x_wconf 90' lang='lat' dir='ltr'>uestros</span> <span class='ocrx_word' id='word_1_275' title='bbox 1944 2141 2019 2181; x_wconf 87' lang='lat' dir='ltr'>pro</span> 
     </span>
     <span class='ocr_line' id='line_1_30' title="bbox 150 2190 2018 2249; baseline 0.005 -20"><span class='ocrx_word' id='word_1_276' title='bbox 150 2201 200 2230; x_wconf 90' lang='lat' dir='ltr'>eo</span> <span class='ocrx_word' id='word_1_277' title='bbox 240 2190 349 2242; x_wconf 84' lang='lat' dir='ltr'>quod</span> <span class='ocrx_word' id='word_1_278' title='bbox 389 2190 574 2231; x_wconf 88' lang='lat' dir='ltr'>decimas</span> <span class='ocrx_word' id='word_1_279' title='bbox 614 2192 724 2232; x_wconf 88' lang='lat' dir='ltr'>sicut</span> <span class='ocrx_word' id='word_1_280' title='bbox 763 2193 914 2233; x_wconf 89' lang='lat' dir='ltr'>dictum</span> <span class='ocrx_word' id='word_1_281' title='bbox 957 2197 1023 2233; x_wconf 87' lang='lat' dir='ltr'>est</span> <span class='ocrx_word' id='word_1_282' title='bbox 1068 2206 1150 2234; x_wconf 93' lang='lat' dir='ltr'>non</span> <span class='ocrx_word' id='word_1_283' title='bbox 1191 2195 1431 2245; x_wconf 87' lang='lat' dir='ltr'>persoluitis</span> <span class='ocrx_word' id='word_1_284' title='bbox 1474 2197 1566 2236; x_wconf 89' lang='lat' dir='ltr'>siue</span> <span class='ocrx_word' id='word_1_285' title='bbox 1608 2197 1747 2249; x_wconf 88' lang='lat' dir='ltr'>aliqua</span> <span class='ocrx_word' id='word_1_286' title='bbox 1790 2199 2018 2238; x_wconf 89' lang='lat' dir='ltr'>occasione</span> 
     </span>
     <span class='ocr_line' id='line_1_31' title="bbox 150 2261 2018 2317; baseline 0.004 -18"><span class='ocrx_word' id='word_1_287' title='bbox 150 2271 293 2299; x_wconf 86' lang='lat' dir='ltr'>eorum</span> <span class='ocrx_word' id='word_1_288' title='bbox 326 2261 458 2312; x_wconf 82' lang='lat' dir='ltr'>[que]</span> <span class='ocrx_word' id='word_1_289' title='bbox 492 2261 546 2301; x_wconf 91' lang='lat' dir='ltr'>ab</span> <span class='ocrx_word' id='word_1_290' title='bbox 569 2262 800 2313; x_wconf 88' lang='lat' dir='ltr'>apostolica</span> <span class='ocrx_word' id='word_1_291' title='bbox 833 2263 1101 2317; x_wconf 86' lang='lat' dir='ltr'>benignitate</span> <span class='ocrx_word' id='word_1_292' title='bbox 1124 2263 1246 2303; x_wconf 88' lang='lat' dir='ltr'>uobis</span> <span class='ocrx_word' id='word_1_293' title='bbox 1280 2264 1435 2304; x_wconf 88' lang='lat' dir='ltr'>indulta</span> <span class='ocrx_word' id='word_1_294' title='bbox 1469 2269 1576 2305; x_wconf 89' lang='lat' dir='ltr'>sunt.</span> <span class='ocrx_word' id='word_1_295' title='bbox 1609 2278 1687 2305; x_wconf 87' lang='lat' dir='ltr'>seu</span> <span class='ocrx_word' id='word_1_296' title='bbox 1721 2266 2018 2307; x_wconf 82' lang='lat' dir='ltr'>benefactores</span> 
     </span>
     <span class='ocr_line' id='line_1_32' title="bbox 149 2322 2018 2388; baseline 0.004 -20"><span class='ocrx_word' id='word_1_297' title='bbox 149 2332 319 2369; x_wconf 88' lang='lat' dir='ltr'>uestros</span> <span class='ocrx_word' id='word_1_298' title='bbox 351 2341 427 2381; x_wconf 90' lang='lat' dir='ltr'>pro</span> <span class='ocrx_word' id='word_1_299' title='bbox 461 2341 514 2370; x_wconf 89' lang='lat' dir='ltr'>eo</span> <span class='ocrx_word' id='word_1_300' title='bbox 547 2332 655 2383; x_wconf 90' lang='lat' dir='ltr'>quod</span> <span class='ocrx_word' id='word_1_301' title='bbox 688 2332 828 2384; x_wconf 84' lang='lat' dir='ltr'>aliqua</span> <span class='ocrx_word' id='word_1_302' title='bbox 866 2332 988 2371; x_wconf 89' lang='lat' dir='ltr'>uobis</span> <span class='ocrx_word' id='word_1_303' title='bbox 1020 2330 1229 2372; x_wconf 88' lang='lat' dir='ltr'>beneficia</span> <span class='ocrx_word' id='word_1_304' title='bbox 1261 2333 1331 2372; x_wconf 92' lang='lat' dir='ltr'>uel</span> <span class='ocrx_word' id='word_1_305' title='bbox 1370 2333 1574 2386; x_wconf 88' lang='lat' dir='ltr'>obsequia</span> <span class='ocrx_word' id='word_1_306' title='bbox 1608 2346 1664 2375; x_wconf 90' lang='lat' dir='ltr'>ex</span> <span class='ocrx_word' id='word_1_307' title='bbox 1704 2322 1883 2387; x_wconf 86' lang='lat' dir='ltr'>caritate</span> <span class='ocrx_word' id='word_1_308' title='bbox 1916 2348 2018 2388; x_wconf 85' lang='lat' dir='ltr'>pre-</span> 
     </span>
     <span class='ocr_line' id='line_1_33' title="bbox 150 2399 2017 2456; baseline 0.004 -19"><span class='ocrx_word' id='word_1_309' title='bbox 150 2399 332 2438; x_wconf 88' lang='lat' dir='ltr'>stiterint</span> <span class='ocrx_word' id='word_1_310' title='bbox 362 2399 431 2438; x_wconf 91' lang='lat' dir='ltr'>uel</span> <span class='ocrx_word' id='word_1_311' title='bbox 457 2399 509 2439; x_wconf 89' lang='lat' dir='ltr'>ad</span> <span class='ocrx_word' id='word_1_312' title='bbox 542 2399 812 2440; x_wconf 87' lang='lat' dir='ltr'>laborandum</span> <span class='ocrx_word' id='word_1_313' title='bbox 836 2401 1072 2441; x_wconf 87' lang='lat' dir='ltr'>adiuuerint</span> <span class='ocrx_word' id='word_1_314' title='bbox 1104 2402 1144 2440; x_wconf 92' lang='lat' dir='ltr'>in</span> <span class='ocrx_word' id='word_1_315' title='bbox 1167 2401 1247 2440; x_wconf 91' lang='lat' dir='ltr'>illis</span> <span class='ocrx_word' id='word_1_316' title='bbox 1282 2401 1430 2442; x_wconf 88' lang='lat' dir='ltr'>diebus</span> <span class='ocrx_word' id='word_1_317' title='bbox 1453 2405 1494 2443; x_wconf 91' lang='lat' dir='ltr'>in</span> <span class='ocrx_word' id='word_1_318' title='bbox 1528 2404 1678 2456; x_wconf 88' lang='lat' dir='ltr'>quibus</span> <span class='ocrx_word' id='word_1_319' title='bbox 1705 2417 1782 2444; x_wconf 91' lang='lat' dir='ltr'>uos</span> <span class='ocrx_word' id='word_1_320' title='bbox 1817 2405 2017 2445; x_wconf 88' lang='lat' dir='ltr'>laboratis</span> 
     </span>
     <span class='ocr_line' id='line_1_34' title="bbox 150 2465 2017 2534; baseline 0.004 -28"><span class='ocrx_word' id='word_1_321' title='bbox 150 2471 192 2507; x_wconf 88' lang='lat' dir='ltr'>et</span> <span class='ocrx_word' id='word_1_322' title='bbox 225 2468 294 2507; x_wconf 88' lang='lat' dir='ltr'>alii</span> <span class='ocrx_word' id='word_1_323' title='bbox 320 2465 525 2508; x_wconf 86' lang='lat' dir='ltr'>feriantur</span> <span class='ocrx_word' id='word_1_324' title='bbox 558 2469 733 2509; x_wconf 88' lang='lat' dir='ltr'>eandem</span> <span class='ocrx_word' id='word_1_325' title='bbox 760 2471 1007 2510; x_wconf 85' lang='lat' dir='ltr'>sententiam</span> <span class='ocrx_word' id='word_1_326' title='bbox 1043 2470 1300 2521; x_wconf 89' lang='lat' dir='ltr'>protulerint.</span> <span class='ocrx_word' id='word_1_327' title='bbox 1328 2472 1459 2534; x_wconf 70' lang='lat' dir='ltr'>ipsam</span> <span class='ocrx_word' id='word_1_328' title='bbox 1479 2470 1700 2533; x_wconf 25' lang='lat' dir='ltr'>‘tamquam&#39;</span> <span class='ocrx_word' id='word_1_329' title='bbox 1721 2478 1866 2513; x_wconf 84' lang='lat' dir='ltr'>contra</span> <span class='ocrx_word' id='word_1_330' title='bbox 1901 2474 2017 2514; x_wconf 85' lang='lat' dir='ltr'>sedis</span> 
     </span>
     <span class='ocr_line' id='line_1_35' title="bbox 151 2536 2016 2590; baseline 0.004 -15"><span class='ocrx_word' id='word_1_331' title='bbox 151 2536 382 2588; x_wconf 90' lang='lat' dir='ltr'>apostolice</span> <span class='ocrx_word' id='word_1_332' title='bbox 421 2537 578 2578; x_wconf 88' lang='lat' dir='ltr'>indulta</span> <span class='ocrx_word' id='word_1_333' title='bbox 613 2538 828 2590; x_wconf 88' lang='lat' dir='ltr'>prolatam.</span> <span class='ocrx_word' id='word_1_334' title='bbox 872 2539 1135 2579; x_wconf 86' lang='lat' dir='ltr'>decernimus</span> <span class='ocrx_word' id='word_1_335' title='bbox 1169 2536 1446 2581; x_wconf 76' lang='lat' dir='ltr'>i1·ritandam.&#39;</span> <span class='ocrx_word' id='word_1_336' title='bbox 1487 2542 1580 2582; x_wconf 93' lang='lat' dir='ltr'>Nec</span> <span class='ocrx_word' id='word_1_337' title='bbox 1618 2543 1757 2582; x_wconf 90' lang='lat' dir='ltr'>littere</span> <span class='ocrx_word' id='word_1_338' title='bbox 1791 2544 1858 2583; x_wconf 87' lang='lat' dir='ltr'>ille</span> <span class='ocrx_word' id='word_1_339' title='bbox 1892 2541 2016 2583; x_wconf 90' lang='lat' dir='ltr'>firmi-</span> 
     </span>
    </p>
   </div>
   <div class='ocr_carea' id='block_1_3' title="bbox 1635 2612 1703 2652">
    <p class='ocr_par' dir='ltr' id='par_1_3' title="bbox 1635 2612 1703 2652">
     <span class='ocr_line' id='line_1_36' title="bbox 1635 2612 1703 2652; baseline 0 0"><span class='ocrx_word' id='word_1_340' title='bbox 1635 2612 1703 2652; x_wconf 73' lang='lat'>39</span> 
     </span>
    </p>
   </div>
  </div>
 </body>
</html>
