2212 2876
1033 64 1140 105 240

146 215 266 251 carta
300 210 472 251 fecimus
505 210 711 249 annotari.
745 208 854 260 qnod
886 208 950 247 sic
987 207 1141 258 incipit.
1190 206 1244 245 Ιη
1275 206 1445 245 nomine
1477 207 1620 244 sancte
1653 205 1848 243 {sinuatis
1888 208 1926 243 e!
1957 205 2024 243 in-

148 280 322 321 clientelae
363 281 546 321 unitatis.
610 280 711 329 Eyo
751 277 948 317 Premizl
988 277 1059 328 qui
1099 279 1137 314 et
1175 274 1405 314 othmarus
1448 275 1602 312 tercius
1645 286 1728 312 res*
1767 274 2027 312 Boemorum

148 378 158 388 .
193 379 202 389 .
237 380 247 389 .
280 348 416 398 [Vide
447 361 487 387 η.
523 342 819 397 CLXXXV.)
873 346 955 385 Hic
990 350 1056 385 est
1089 356 1322 396 expressus
1357 343 1627 399 integraliter
1659 346 1782 382 tenor
1813 342 2029 396 priuilegii

152 420 283 470 patris
317 419 451 457 nostri
492 416 665 456 illustris
698 419 894 455 memorie
934 414 1128 455 Premizl.
1163 415 1232 465 qui
1272 417 1314 453 et
1354 412 1592 453 Otliacarus
1635 411 2027 465 cognominabatur.

150 486 282 536 Quem
330 490 517 526 tenorem
558 497 635 524 nos
678 485 928 524 auctoritate
977 488 1122 523 nostra
1171 481 1472 521 confirmamus.
1522 485 1565 535 et
1612 482 1744 520 eciam
1791 480 2028 532 ubicunque

150 543 372 608 possumus
406 555 541 594 eidem
573 554 829 594 monasterio
864 553 1027 604 plenius
1061 556 1104 591 et
1128 551 1282 592 firmius
1314 552 1502 591 uolumus
1527 550 1764 601 prouidere.
1800 549 2027 589 secundum

151 624 260 678 quod
293 625 492 664 conuenit
531 621 758 678 magnifice
799 623 997 674 potestati
1039 626 1200 661 nostre.
1265 621 1423 660 Testes
1464 624 1601 660 autem
1642 619 1766 659 huius
1806 617 2029 658 confirma-

152 694 285 733 cionis
318 696 416 733 sunt
453 692 524 732 hii.
558 691 763 732 Albertus
803 691 939 730 abbas
973 691 1040 730 W
1043 690 1330 745 elgradensis.
1374 702 1464 729 cum
1498 689 1565 729 W
1568 688 1746 728 alelnino
1788 691 1830 727 et
1862 687 2028 728 Jacobo

151 762 366 803 monachis
418 762 576 801 ordinis
627 761 932 801 cisterciensis.
982 761 1239 811 VVicpertus
1287 759 1340 798 de
1387 762 1536 798 sancto
1581 758 1752 810 ypolito.
1804 755 2029 797 Cunradus

152 832 340 871 notarius
391 831 659 871 brunnensis.
708 831 923 870 Henricus
970 827 1075 868 filius
1123 829 1375 868 W'iticonis.
1432 827 1671 867 Bobuzlaus
1721 826 1773 865 de
1820 827 2029 869 Vranow,

154 902 291 941 Hruto
318 900 370 940 de
394 901 587 940 Betowe.
612 900 844 940 Hartlibus.
872 899 1145 939 wilhelmus.
1181 902 1223 937 et
1248 896 1379 937 frater
1402 909 1504 937 suus
1532 895 1782 947 Livpoldus.
1815 895 2029 934 Heni-icus

162 968 268 1011 filius
301 969 521 1010 Pribrami.
553 969 825 1009 Lvtoborius.
859 968 1126 1007 Branizlaus.
1160 966 1375 1006 Bohusch.
1409 976 1701 1005 znoemenses.
1734 964 2028 1004 Theodericus

156 1043 408 1091 procurator
447 1038 728 1078 Znoemensis
768 1038 998 1088 prouincie.
1039 1040 1081 1076 et
1120 1037 1188 1075 alii
1229 1048 1349 1088 quam
1381 1036 1539 1087 plures.
1603 1034 1756 1073 Datum
1797 1034 1838 1072 in
1870 1033 2029 1073 Znoim.

154 1120 232 1161 per
263 1120 423 1148 manum
446 1108 656 1148 Johannis
689 1108 842 1146 notarii
869 1106 1014 1146 nostri.
1047 1106 1451 1145 Lvthomericenses
1479 1104 1685 1144 canonici.
1717 1104 1842 1143 Anno
1877 1102 1930 1142 ab
1965 1102 2030 1140 in-

158 1178 406 1218 carnatione
440 1178 590 1218 domini
622 1177 684 1216 M.
718 1172 808 1217 CC.
842 1176 1031 1215 XXXII.
1066 1175 1167 1214 VII.
1200 1174 1302 1214 Idvs
1335 1174 1537 1229 Augusti.

466 1277 522 1311 Ex
543 1275 739 1319 originali
758 1277 790 1308 in
808 1277 900 1307 curia
918 1276 1139 1316 Brunensi3
1166 1274 1233 1306 lad.
1256 1274 1298 1306 K.

992 1451 1195 1495 CCXIX.

160 1548 374 1602 PPemysI,
406 1548 599 1589 marchio
624 1550 864 1600 Morm’ae,
898 1549 1119 1601 capellano
1148 1560 1225 1587 sao
1259 1546 1471 1598 Greqorio
1494 1550 1651 1586 terram
1684 1544 1863 1584 duorum
1893 1555 2033 1583 came-

160 1620 376 1658 rariorum
420 1620 464 1658 in
496 1620 632 1671 ipsius
674 1618 777 1658 villa
816 1618 1037 1658 Lodem'ce
1076 1620 1114 1656 et
1145 1618 1296 1656 silvam
1336 1616 1597 1668 adjacentem
1638 1614 1814 1667 confert.
1878 1614 1949 1653 DI.
1990 1614 2033 1652 ln

688 1688 873 1738 Znoym,
905 1698 1048 1726 mense
1079 1685 1321 1736 novembri,
1362 1685 1515 1725 1232.

293 1781 354 1841 In
387 1800 550 1839 nomine
585 1799 734 1839 domini
768 1810 903 1838 amen.
943 1798 1122 1838 Premisl
1155 1798 1239 1837 Dei
1273 1798 1427 1852 gracia
1460 1796 1643 1836 marchio
1676 1795 1886 1835 Morauie.
1935 1794 2035 1834 Om-

164 1870 285 1909 nibus
319 1869 372 1908 ad
413 1880 517 1921 quos
551 1880 732 1920 presens
774 1869 973 1919 scriptum
1006 1868 1261 1919 peruenerit.
1328 1864 1431 1907 Cum
1472 1867 1513 1905 in
1555 1866 1725 1919 signum
1764 1863 2035 1915 prouidencie

164 1938 409 1990 principalis
442 1936 555 1977 sacta
596 1940 637 1977 et
669 1939 825 1976 statuta
866 1940 1012 1976 nostra
1044 1937 1198 1990 littere⁷
1239 1947 1319 1988 que
1352 1935 1530 1975 baculus
1574 1938 1640 1974 est
1671 1933 1881 1987 memorie,
1922 1943 2036 1971 com-

164 2008 326 2047 mittere
376 2007 627 2047 debeamus:
691 2007 842 2046 Notum
881 2004 1054 2045 facimus
1102 2005 1330 2058 vniuersis7
1378 2003 1487 2056 quod
1535 2015 1612 2043 nos
1662 2001 1772 2042 fideli
1818 2001 2037 2053 capellano

166 2080 310 2116 nostro
346 2075 556 2128 Greqorz'o
589 2077 724 2131 digna
756 2076 1041 2115 retribucione
1074 2076 1205 2127 ipsius
1234 2074 1416 2114 seruicio
1448 2073 1569 2113 nobis
1603 2072 1790 2112 exhibito
1822 2071 2037 2123 principa-

166 2146 261 2185 liter
303 2156 629 2196 recompensare
666 2145 862 2185 volentes
904 2148 1058 2185 terram
1099 2144 1269 2184 duorum
1319 2143 1644 2182 camerariorum
1684 2142 1726 2181 in
1766 2141 1897 2193 ipsius
1937 2139 2036 2180 villa

168 2215 331 2254 nomine
370 2214 619 2254 Locleniche
660 2215 937 2254 existencium
979 2218 1021 2254 et
1059 2214 1205 2253 siluam
1245 2212 1506 2251 adiacentem
1546 2223 1622 2263 pro
1655 2211 1787 2262 ipsius
1827 2208 2037 2249 commodo

169 2284 354 2335 ampliori
387 2284 632 2323 contulimus
656 2277 914 2324 hereditarie
946 2282 1220 2336 possidenda7
1246 2284 1451 2333 precepta
1484 2280 1717 2334 ewangelii
1747 2278 2035 2319 attendentes:

170 2352 329 2407 dignus
379 2356 444 2392 est
485 2354 704 2404 operarius
752 2353 948 2392 mercede
991 2365 1082 2391 sua.
1148 2351 1280 2400 Quum
1329 2353 1466 2390 autem
1512 2349 1787 2402 quorumlibet
1833 2348 2037 2387 hominum

170 2424 325 2462 statuta
359 2426 400 2461 et
432 2420 544 2461 sacta
586 2433 789 2473 processu
821 2423 1019 2473 temporis
1059 2431 1323 2460 euanescere
1356 2422 1681 2473 consueuerunt,
1721 2418 1773 2457 ad
1807 2416 2036 2457 huiusmodi

172 2502 359 2532 errorem
400 2491 683 2543 repellendum
717 2494 758 2531 et
798 2491 1050 2531 dubietatem
1090 2491 1360 2542 importunam
1400 2489 1511 2529 hanc
1544 2492 1729 2529 nostram
1763 2486 2036 2528 donacionem
