2212 2876
982 137 1082 178 281

99 282 304 334 apposuit.
351 282 533 333 Insuper
557 282 812 336 -rogauimus
845 292 1023 320 vnacum
1055 279 1187 320 fratre
1221 284 1364 320 nostro
1397 280 1670 320 wenceslao
1704 291 1816 334 rege
1850 281 1968 320 Boe—

97 352 176 391 mie
201 352 488 396 venerabilem
509 354 669 402 patrem
697 354 882 390 nostrum
908 350 1109 389 dominum
1134 350 1364 389 Robertum
1389 349 1707 390 olomucensem
1728 351 1969 401 episcopum

98 424 304 472 quatenus
347 420 398 459 ad
441 421 668 471 pleniorem
715 419 836 458 huius
877 417 1041 470 prefate
1089 418 1334 458 donacionis
1381 417 1741 458 confirmacionem
1783 419 1971 469 presenti

98 497 216 529 carte
267 490 450 543 sigillum
492 501 607 528 suum
655 493 902 540 apponeret.
943 488 1053 540 quod
1100 492 1142 527 et
1180 485 1292 526 fecit.
1356 487 1512 527 Testes
1562 499 1667 527 uero
1710 488 1752 526 in
1795 499 1970 539 quorum

98 560 325 611 presencia
357 559 438 598 hec
472 562 568 598 acta
601 562 711 597 sunt.
736 558 792 597 hii
825 562 932 598 sunt.
966 557 1168 597 Dominus
1195 556 1410 595 Arnoldus
1444 557 1689 608 prepositus
1722 557 1971 611 IVisegra-

98 628 256 668 densis.
298 628 542 678 Arnolphus
583 627 718 666 abbas
768 626 1072 666 'Probet-ensis.
1113 626 1362 664 Ambrosius
1413 627 1650 677 prepositus
1700 624 1971 667 Cunicensis.

97 696 203 736 Paul
236 698 476 748 prepositus
510 695 892 750 Ragygradensis.
927 696 993 735 W
997 695 1159 734 ilelmvs
1193 696 1381 734 notarius
1414 697 1539 750 regis
1567 696 1754 735 Boemie.
1788 695 1972 735 Bartho-

98 766 256 806 lomeus
289 766 520 805 canonicus
546 764 849 805 olomucensis.
883 764 1180 818 Marguardus
1207 764 1451 815 capellanus
1486 768 1630 804 noster
1654 767 1696 804 et
1728 765 1832 804 socii
1867 765 1971 804 eiuS.

98 827 309 876 Sdezlaus
344 835 602 874 camerarius
642 834 827 873 Boemie.
861 834 1071 873 Witteco.
1112 837 1155 873 et
1187 833 1415 873 Heinricus
1456 832 1589 873 frater
1622 835 1726 873 eius.
1767 837 1810 873 et
1848 834 1972 873 Wit-

99 908 195 944 teco
229 905 393 943 iuuenis
417 902 549 943 frater
583 915 737 943 eorum.
762 903 937 943 Wocco
971 901 1076 941 filius
1110 903 1351 942 Bon-utonis.
1385 902 1558 942 XVocco
1592 900 1697 942 fillus
1729 903 1973 942 benesonis.

97 973 356 1013 Ratiborius.
391 973 637 1012 Arthlebus.
672 972 806 1013 Gruth
840 970 945 1011 filius
980 972 1157 1011 Detrici.
1198 972 1367 1011 XVirso.
1408 973 1678 1023 Rauozyrus.
1718 972 1898 1011 Pardus.
1931 978 1975 1012 et

99 1040 229 1082 frater
262 1044 354 1082 eius
387 1042 682 1095 'I'hexyirdese
717 1041 962 1092 Stephanus
996 1042 1123 1080 iudex
1157 1041 1320 1080 domine
1353 1042 1524 1095 regine.
1558 1041 1710 1081 Huale.
1745 1041 1971 1081 Ottaslaus.

97 1112 344 1166 XVogeteh.
382 1112 523 1151 Ector.
573 1111 720 1150 milites
754 1110 904 1150 domini
946 1110 1147 1161 episcopi.
1187 1110 1432 1150 IVilelmus.
1473 1110 1704 1162 Lupoldus.
1745 1109 1971 1164 Nagrade.

97 1181 320 1235 Pelegius.
354 1180 614 1220 IlarthebuS.
656 1184 699 1220 et
730 1180 952 1220 Johannes
995 1177 1063 1218 filii
1094 1179 1317 1219 Ratiborii.
1380 1180 1494 1219 Acta
1533 1183 1630 1220 sunt
1671 1179 1752 1219 hec
1788 1180 1972 1219 Brunne.

97 1249 138 1289 iu
172 1249 290 1289 domo
328 1250 548 1289 Brumonis
589 1249 806 1288 monetarii
840 1249 976 1303 regis.
1009 1260 1119 1287 anno
1154 1248 1206 1287 ab
1240 1249 1540 1289 incarnacione
1567 1248 1715 1288 domini
1747 1246 1972 1288 Millesimo

96 1318 397 1359 Ducentesimo
436 1319 647 1358 tricesimo
695 1322 858 1370 quarto.
901 1317 1061 1367 Quarto
1101 1317 1201 1358 Idus
1243 1318 1508 1358 Nouembris.
1553 1318 1667 1358 Data
1706 1328 1784 1369 per
1824 1329 1971 1357 manus

97 1388 260 1440 Hy1arii
296 1387 598 1440 prothonotarii
632 1388 777 1427 nostri.

407 1479 463 1510 Ex
486 1479 685 1521 originali
709 1479 740 1510 in
763 1479 900 1511 archivo
925 1478 1212 1510 Melitensium
1235 1477 1416 1520 Pragae.

948 1636 1120 1679 CCLll.

230 1722 493 1796 Gregorius
534 1753 644 1792 papa
684 1741 763 1781 lx.
796 1740 1145 1792 archiepiscopos
1186 1744 1229 1781 et
1268 1741 1493 1793 episcopos
1538 1740 1794 1781 Germaniae
1834 1742 1971 1793 [inter

99 1821 203 1863 quos
249 1811 371 1850 etiam
411 1810 598 1862 episcopi
639 1810 883 1864 Pragensis
936 1814 978 1850 et
1021 1810 1315 1851 olomucensis
1356 1811 1643 1860 nominantur]
1684 1810 1875 1850 hortatur
1916 1810 1970 1850 ad

105 1880 264 1920 auxilia
299 1880 512 1919 ecclesiae
546 1883 588 1919 et
619 1883 763 1919 terrae
797 1884 974 1919 sanctae
1007 1883 1088 1919 tum
1121 1878 1312 1933 serenda7
1351 1884 1432 1919 tum
1471 1879 1769 1930 promovenda.
1819 1878 1971 1919 Datum

100 1948 280 2004 Perusii,
314 1949 410 1989 VH.
443 1948 664 1988 Kalendas
696 1948 973 2003 Decembris3
1007 1947 1272 2001 pontificatus
1305 1961 1416 1989 anno
1450 1949 1570 1989 VIII.
1604 1948 1814 2000 (1234.)

408 2047 627 2090 Palaeky‘s
651 2048 754 2080 Reise
778 2058 809 2090 p.
835 2046 899 2079 26.
925 2067 968 2071 —
998 2058 1015 2080 e
1038 2049 1224 2091 Regesto
1249 2047 1442 2090 Gregorii
1465 2048 1528 2080 IX.
1553 2049 1608 2081 lib.
1631 2048 1728 2082 VIII.
1753 2049 1852 2090 epist.
1876 2046 1967 2080 330.

931 2222 1127 2266 CCLIII.

231 2307 493 2381 Gregorius
543 2339 650 2378 papa
697 2328 775 2367 IX.
826 2328 1040 2379 principes
1083 2327 1338 2368 Germaniae
1388 2328 1523 2379 (inter
1570 2339 1675 2380 quos
1722 2328 1845 2367 etiam
1888 2337 1968 2366 rex

95 2396 296 2436 Boemiae
336 2399 379 2436 et
416 2394 549 2435 frater
589 2396 679 2448 ejus
719 2396 912 2436 marchio
950 2397 1176 2437 Mon-ariae
1214 2394 1479 2447 referuntur]
1521 2397 1574 2436 ad
1615 2396 1723 2436 idem
1764 2396 1965 2436 hortatur.

96 2465 169 2505 nt.
202 2465 383 2518 Perusii7
416 2464 472 2503 V.
496 2465 717 2505 Kalendas
750 2465 1022 2520 Decembris;
1055 2464 1319 2517 pontificatus
1351 2478 1461 2507 anno
1493 2465 1618 2506 VIII.
1652 2465 1861 2517 (1234.)

407 2563 566 2595 Ibidem
589 2565 686 2605 epist.
709 2562 800 2595 333.
836 2558 839 2560 ³
1584 2611 1651 2650 36
