2212 2876
1017 81 1126 122 364

131 226 362 268 baronibus
403 229 444 266 et
484 225 713 266 curialibus
753 224 899 264 mehis.
955 221 1109 266 Comes
1151 223 1377 266 Goszlaws
1419 224 1471 265 de
1514 224 1674 277 predio.
1729 225 2007 267 Yodlovm'clz.

132 307 224 337 cum
258 294 350 335 filiis
383 297 485 335 suis.
519 295 691 334 contulit
731 294 896 345 ospitali
937 296 1075 334 sancti
1113 294 1325 334 Johannis
1365 294 1501 334 domui
1544 295 1596 334 de
1638 293 1838 336 Grolmic.
1877 297 2009 348 ipsam

131 364 290 406 domum
322 365 544 419 magistro.
577 364 762 418 Bogvsa
796 364 834 402 in
870 362 1071 404 Grobnic.
1104 367 1303 418 regente.
1337 367 1379 403 et
1410 364 1531 403 aliam
1565 363 1735 403 domum.
1769 365 1810 404 in
1851 366 2008 405 Mac-ov

130 431 275 474 fratre.
308 434 522 474 Potrcone
555 437 754 486 regente.
788 431 940 473 Sortes
975 444 1081 484 quas
1114 432 1261 472 habvit
1288 436 1444 472 castro.
1480 432 1655 481 Qvosle.
1682 444 1762 485 que
1786 438 2004 474 uocantur.

133 501 323 544 Chischi.
357 506 399 542 et
431 512 519 556 ego
554 501 640 540 dux
665 501 818 542 Mesco
853 513 928 552 pro
954 502 1091 541 salute
1114 513 1207 541 mea
1241 504 1283 541 et
1315 513 1390 553 pro
1425 490 1560 541 anima
1586 502 1719 553 patris
1747 503 1838 542 mei.
1871 503 2009 542 Kazi-

132 572 234 612 miri.
269 571 423 611 contuli
457 570 616 610 eisdem
648 571 833 609 sortibus
874 570 1102 621 plenariam
1142 570 1392 610 libertatem.
1432 583 1457 610 a
1499 571 1826 622 prouocacione.
1867 583 2010 613 coram

131 644 288 681 castro.
323 643 364 680 et
396 652 422 679 a
454 639 620 681 Strosa.
653 642 696 679 et
729 651 754 679 a
780 643 888 679 stan.
928 643 1017 679 eta
1046 639 1210 690 prevod
1234 643 1355 679 rente
1380 650 1485 679 mee.
1518 640 1673 679 contuli
1706 640 1838 680 eciam
1871 642 1935 680 eis
1967 641 2010 680 in

131 710 291 749 eisdem
323 712 506 768 sortibus
540 709 770 748 tabernam.
804 713 846 748 et
877 707 999 748 fluuio
1034 709 1102 761 qui
1142 712 1334 749 vocatur.
1384 708 1512 749 Odra.
1554 709 1794 749 clavsuram
1833 710 2008 761 percuti.

130 783 174 819 ut
195 779 337 818 domus
362 778 548 818 habeant
576 779 747 829 piscium
781 778 1131 818 habundanciam.
1165 776 1301 819 Cvius
1326 779 1389 817 rei
1415 781 1549 817 testes
1576 782 1672 818 sunt
1704 778 1759 818 hi.
1793 778 2008 818 Andreas.

131 848 364 888 Palatinus.
398 848 674 887 Predborius.
707 848 840 887 ivdex
872 849 1003 888 curie.
1036 847 1272 887 Nicliolavs
1305 847 1436 887 miles.
1469 847 1614 888 Yaxo.
1658 848 1916 887 castellanus
1956 847 2009 887 de

130 917 319 957 Rosech.
350 917 394 956 V
398 929 577 956 ernerus
611 917 868 957 castellanus
903 917 955 957 de
982 916 1143 965 Qvosli.
1176 916 1429 958 Semiianus.
1457 907 1714 957 castellanus
1740 917 1792 957 de
1818 917 2010 957 Ratibor.

130 986 367 1027 Johannes.
409 986 668 1025 castellanus
710 986 762 1025 de
802 986 949 1025 'I'esin.
999 986 1095 1026 Otto
1136 986 1491 1025 subcamerarius.
1527 979 1669 1026 Hotco
1710 986 2009 1038 subpincerna.

132 1055 395 1095 Pribislaws.
429 1054 688 1105 subdapiser.
715 1055 781 1094 W
786 1055 967 1094 isslaws.
1002 1054 1276 1094 subveniatur.
1299 1054 1477 1094 Marcus
1511 1053 1645 1094 frater
1671 1056 1776 1095 eius.
1809 1055 2011 1096 Andreas

131 1125 252 1165 saba.
286 1124 512 1164 Bertoldus
553 1124 744 1163 Jacobus
784 1122 918 1163 frater
951 1125 1055 1163 eius.
1096 1123 1265 1162 Ilivalo.
1299 1125 1529 1163 canonicus
1571 1124 1623 1164 de
1657 1123 1832 1172 Qvosle.
1866 1125 2025 1164 Boce·

131 1195 288 1245 porius.
322 1194 510 1233 notarius
552 1194 683 1233 curie.
716 1193 940 1233 Johannes
973 1193 1181 1233 sacerdos
1215 1193 1344 1232 curie.
1386 1193 1590 1232 Albertus
1632 1194 1837 1233 sacerdos
1879 1194 2010 1234 curie.

129 1263 335 1304 Jaroslav
367 1263 499 1302 miles,
561 1263 713 1303 Actum
747 1263 800 1302 ab
834 1263 1135 1302 incarnacione
1169 1262 1318 1301 domini
1351 1263 1484 1301 nostri
1516 1262 1658 1303 Jhesv
1682 1263 1828 1303 christi
1863 1263 2010 1303 Mille-

131 1333 232 1373 simo
265 1330 355 1374 CC·
388 1332 534 1373 XXX.
565 1331 703 1372 Nono.
735 1332 1005 1383 Principatus
1038 1331 1170 1371 nostri
1202 1331 1328 1371 Anno
1363 1332 1504 1382 primo.
1538 1327 1587 1383 ‘ln

445 1431 501 1465 Ex
530 1432 721 1473 originali
750 1432 781 1463 in
805 1432 942 1463 archivo
966 1431 1248 1464 Melitensium
1277 1431 1441 1473 Pragae
1470 1449 1512 1454 —
1541 1433 1573 1463 in
1595 1431 1717 1464 ActIs
1748 1432 2010 1465 commendae

549 1483 889 1516 Groebnicensis.

955 1588 1197 1633 CCCXIII.

135 1684 372 1737 Greyorius
410 1699 524 1738 papa
556 1686 639 1726 IX.
679 1685 815 1726 abbati
855 1685 1113 1727 Grada-ense·
1145 1690 1184 1725 et
1217 1687 1358 1739 priori
1398 1685 1787 1726 Daubrawm‘censi
1825 1686 2010 1739 ntandei,

132 1758 178 1793 ul
204 1755 498 1794 monim-ensis
522 1755 711 1807 episcopi
735 1757 967 1794 cessionem
985 1756 1118 1808 offleii
1133 1758 1406 1807 spontaneam
1424 1757 1516 1795 rice
1538 1756 1775 1808 Apostolicc·
1789 1757 2008 1809 recipiant.

416 1825 579 1864 Datum
610 1825 833 1876 Laterani,
866 1825 913 1864 X
922 1825 990 1864 Vl.
1024 1824 1250 1864 Kalendas
1283 1824 1528 1876 Februarii,
1573 1825 1725 1864 1240.

268 1916 531 1991 Gregorius
565 1937 791 1987 episcopus
824 1947 977 1975 seruus
1010 1947 1230 1976 seruorum
1271 1936 1350 1975 dei.
1414 1937 1594 1975 Dilectis
1635 1934 1726 1975 filiis
1761 1966 1770 1975 .
1805 1966 1814 1976 .
1851 1936 2009 1981 Abbati

137 2004 189 2043 de
224 2003 385 2044 Gratiis
417 2005 826 2046 'Premonstratensis
861 2005 1019 2044 ordinis
1046 1998 1128 2045 et.
1149 2035 1158 2044 .
1178 2006 1306 2056 priori
1340 2005 1392 2045 de
1428 2004 1664 2044 Dnbrarak
1689 2005 1801 2056 [sic]
1837 2005 2009 2046 Olomu-

137 2074 279 2111 censis
314 2073 496 2112 diocesis
537 2074 713 2113 salutem
751 2078 792 2114 et
825 2075 1096 2125 apostolicam
1127 2074 1474 2113 benedictionem.
1538 2074 1686 2126 Usque
1720 2075 1760 2113 in
1794 2078 2009 2114 senectam

137 2145 178 2180 et
210 2142 369 2180 senium
404 2143 661 2182 venerabilis
693 2141 826 2183 frater
853 2148 999 2183 noster
1026 2173 1035 2182 .
1059 2172 1069 2182 .
1097 2143 1390 2183 olomucensis
1415 2144 1639 2195 episcopus
1663 2144 1740 2183 iam
1764 2144 2008 2198 perductus,

138 2210 366 2261 prudenter
399 2222 648 2265 agnoscens
689 2212 755 2251 dei
789 2212 1116 2252 misericordiam
1157 2213 1197 2251 in
1230 2211 1427 2266 ssag„¹:ellis7
1471 2216 1513 2252 et
1545 2212 1782 2266 attendens7
1824 2212 1933 2265 quod
1967 2216 2011 2252 et

139 2279 358 2318 insanabili
401 2281 510 2319 sicut
549 2281 733 2321 creditur
776 2280 1008 2321 infirmitate
1042 2285 1253 2336 grauatus
1294 2293 1373 2321 nec
1407 2293 1488 2321 non
1530 2286 1572 2321 et
1611 2280 1854 2321 confractus
1888 2282 2008 2321 senio

139 2348 352 2397 pastorale
387 2350 529 2400 nequit
571 2348 744 2389 officium
777 2354 820 2391 ut
853 2351 1027 2402 expedit
1068 2351 1315 2402 adimplere:
1350 2351 1469 2390 nobis
1504 2362 1581 2403 per
1614 2362 1715 2390 suas
1747 2351 1893 2390 literas
1927 2350 2007 2389 hu-

138 2417 285 2456 militer
318 2418 581 2472 supplicauit7
605 2422 648 2458 ut
681 2431 770 2458 cum
793 2421 909 2459 oneri
944 2420 1171 2472 pastoralis
1195 2419 1316 2459 officii
1349 2419 1507 2459 cedere
1532 2421 1587 2459 sit
1620 2423 1807 2473 paratus7
1841 2420 2008 2458 cessio-

140 2497 232 2525 nem
274 2487 365 2526 eius
403 2487 597 2539 recipere
637 2498 894 2529 curaremus,
960 2489 1027 2530 De
1069 2492 1214 2530 vestra
1255 2489 1394 2541 itaque
1435 2489 1811 2542 circumspectione
1846 2488 2007 2540 plenam
