2212 2876
926 103 1234 164 -ῑίῧθμ

959 245 1200 288 CCxCffl.

157 341 442 385 Wenceslans,
478 353 560 379 rea·
583 340 800 389 Bormiae,
833 342 1088 380 monasterio
1116 340 1422 381 Tisssnozcieemi
1453 343 1496 381 in
1517 343 1701 393 ,ᾳι-αῐίαιη
1733 345 1880 383 matris
1913 357 2017 385 suae

148 409 418 451 constantiae
440 409 699 463 fundatricis
726 410 866 448 onmia
892 409 998 449 bona
1024 413 1062 449 el
1086 411 1189 463 jetra
1217 411 1448 462 confirmat.
1485 413 1641 452 [statum
1663 412 1855 465 Proque,
1876 413 2017 466 pridie

808 479 957 517 Nonas
989 479 1168 531 Aprilis,
1209 479 1361 519 1238.

276 571 336 632 In
378 590 542 630 nomine
581 593 730 630 sancte
780 593 821 629 et
867 590 1079 629 indiuidue
1120 591 1330 630 trinitatis.
1371 591 1519 630 Amen.
1582 592 1671 631 Nos
1719 592 2015 643 u'etzzezlaus,

125 660 416 700 'miseratione
449 659 589 699 diuina
622 663 794 711 quartus
829 670 885 698 ex
919 661 1105 713 Boemie,
1136 660 1285 699 illustri
1310 660 1473 699 domine
1500 660 1768 700 dilectissime
1794 662 1912 701 matri
1938 672 2016 701 sue

148 727 412 782 Constantie,
446 729 602 783 regine
629 729 755 782 regni
779 728 979 782 eiusdem,
1010 729 1049 767 in
1077 733 1332 779 perpetuum.
1383 728 1548 776 Quanto
1578 729 1717 769 diuina
1745 730 2018 781 prouidencia

147 798 260 836 uiros
310 798 537 851 illustres,
565 798 720 851 Reges
768 797 967 836 uidelicet
1014 809 1065 836 ac
1114 798 1326 848 principes
1374 799 1414 837 in
1462 798 1649 838 ecclesia
1696 799 1762 838 dei
1804 800 2018 840 constituit

146 866 366 918 clariores,
400 870 515 905 tante
550 867 665 917 ipsos
699 866 750 905 ad
786 867 1063 917 promerenda
1098 868 1253 917 premia
1288 867 1492 906 claritatis
1525 870 1673 906 eterne
1706 869 1747 907 in
1787 868 2018 922 diligendis

146 946 196 974 ac
231 935 469 989 dirigendis
502 935 694 974 caritatis
726 934 926 985 operibus
959 935 1187 974 secundum
1221 935 1470 989 religionem
1505 934 1600 974 lidei
1633 936 1842 976 catholice
1881 937 2015 977 deuo-

145 1005 286 1044 ciores
319 1005 517 1044 conuenit
548 1004 742 1056 inueniri,
776 1008 818 1043 et
850 1004 1064 1054 potissime
1097 1005 1138 1043 in
1172 1004 1266 1056 hiiS,
1301 1015 1381 1055 que
1415 1004 1465 1043 ad
1501 1016 1605 1055 opus
1639 1004 1811 1045 Christo
1845 1006 2016 1046 cottidie

146 1072 434 1112 famulancium
470 1075 509 1112 in
560 1073 650 1124 pias
699 1084 855 1111 causas
902 1076 944 1112 et
993 1073 1127 1112 bonos
1176 1085 1277 1111 usus
1325 1074 1653 1113 misericorditer
1699 1078 2016 1115 convertuntur.

142 1143 256 1181 Hinc
300 1147 380 1194 est,
423 1141 531 1193 quod
577 1142 788 1181 uniuersis
831 1140 991 1183 Christi
1034 1140 1223 1180 fidelibus
1266 1145 1347 1180 tam
1390 1142 1613 1195 moderniS,
1665 1154 1784 1194 quam
1835 1146 2017 1194 posteris

145 1211 291 1262 scripti
342 1211 464 1250 huius
512 1211 823 1261 inspeccionem
870 1214 912 1249 et
958 1211 1117 1261 copiam
1170 1210 1374 1250 habituris
1425 1211 1696 1251 exhibicione
1750 1213 2018 1263 presencium

146 1279 337 1320 duximus
384 1279 701 1319 declarandum:
751 1278 954 1327 Quoniam
1000 1292 1082 1319 una
1132 1290 1223 1321 cum
1263 1278 1394 1319 fratre
1444 1285 1589 1320 nostro
1640 1281 1821 1321 Premizl
1867 1282 2014 1322 illustri

145 1348 387 1387 marchione
429 1349 626 1388 Morauie
670 1348 721 1387 ad
767 1349 859 1399 pias
900 1359 1053 1398 preces
1093 1348 1255 1388 domine
1295 1360 1347 1388 ac
1389 1350 1532 1388 matris
1573 1353 1717 1389 nostre
1758 1349 2018 1391 (¹011stancie

145 1417 284 1457 inclite
319 1418 473 1471 regine
510 1418 678 1457 Boemie
712 1429 785 1468 pro
819 1415 1029 1456 fundando
1063 1418 1318 1456 monasterio
1350 1418 1583 1457 monialium
1616 1419 1753 1473 grisei
1783 1419 1941 1459 ordinis
1974 1421 2016 1460 in

146 1487 253 1538 loco,
287 1488 353 1538 qui
392 1487 619 1525 Tnsnowiz
659 1486 822 1539 dicitur,
858 1487 1092 1525 Brunensis
1126 1486 1356 1539 districtus,
1396 1498 1486 1526 cum
1527 1487 1760 1527 deuocione
1800 1499 1852 1527 ac
1891 1489 2016 1528 beni-

146 1555 338 1594 uolencia
372 1559 458 1594 toto
491 1555 624 1594 animo
659 1555 858 1608 inclinati,
891 1558 971 1594 tam
1011 1555 1207 1594 laudabili
1249 1556 1462 1594 intentioni
1505 1554 1776 1596 fauorabilem
1816 1557 2016 1597 exhibui-

146 1636 234 1663 mus
269 1636 320 1662 ac
356 1624 584 1677 benignum
618 1624 738 1663 hilari
773 1623 1025 1663 liberalitate
1065 1635 1338 1677 consensum,
1379 1624 1418 1663 id
1460 1624 1747 1676 principaliter
1789 1627 2015 1679 intuentes,

145 1693 336 1745 quoniam
371 1697 592 1743 pretaxata
625 1692 788 1732 domina
830 1696 961 1732 mater
1003 1697 1148 1732 nostra
1187 1697 1266 1731 tam
1311 1704 1385 1744 pro
1427 1697 1571 1732 nostra
1613 1695 2015 1748 progenitorumque

144 1765 392 1815 nostrorum,
425 1773 545 1814 quam
578 1773 661 1815 pro
685 1761 820 1800 salute
854 1762 1022 1813 propria
1056 1762 1286 1812 sumptibus
1317 1762 1572 1816 largissimis
1601 1764 1638 1802 in
1665 1764 1767 1814 ipsis
1798 1764 2012 1805 claustra-

145 1829 253 1870 libus
287 1829 460 1869 ediliciis
485 1831 577 1869 sine
606 1831 914 1869 intermissione
938 1830 1104 1870 laborat
1128 1830 1182 1870 ad
1210 1832 1611 1874 consummacionem
1646 1833 1789 1883 operis
1815 1833 2014 1874 inchoati.

147 1898 350 1948 Quoniam
385 1911 488 1939 vero
522 1899 792 1950 semiplenum
830 1899 1025 1953 vedetur,
1059 1899 1167 1950 quod
1209 1899 1302 1939 sine
1342 1899 1589 1939 adieccione
1623 1901 1893 1955 relinquitur,
1937 1914 2014 1943 nos

147 1967 367 2008 beneficiis
408 1968 630 2021 regalibus
671 1979 874 2007 crescere
913 1969 1134 2020 cupientes
1177 1969 1376 2007 uniuersa
1420 1969 1529 2008 bona
1578 1970 1670 2008 siue
1712 1971 1753 2009 in
1794 1971 1902 2011 uillis
1944 1976 2016 2011 aut

146 2037 375 2089 theloneis,
423 2037 492 2076 uel
534 2037 686 2091 burgis
719 2035 960 2094 forensibus
994 2040 1036 2076 et
1068 2037 1162 2076 aliis
1195 2038 1533 2090 quibuscunque,
1567 2049 1816 2090 quocunque
1851 2041 2016 2094 nemine

146 2110 417 2159 censeantur,
451 2106 767 2157 qualescunque
801 2091 960 2145 reditus
988 2107 1216 2160 extiterint,
1241 2118 1317 2145 seu
1356 2106 1502 2157 predia
1528 2118 1604 2158 per
1630 2106 1802 2147 fratrem
1828 2114 2014 2149 nostrum

146 2187 274 2226 supra
300 2178 579 2228 memoratum,
602 2175 670 2214 uel
694 2175 799 2214 alios
824 2186 1098 2227 quoscunque
1120 2176 1407 2226 cuiuscunque
1434 2176 1516 2215 sint
1537 2177 1725 2230 nominis,
1749 2181 2014 2228 pretaxatum

146 2244 438 2284 monasterium
466 2243 710 2283 donacionis
735 2244 803 2283 uel
827 2244 1164 2284 commutacionis
1188 2256 1266 2284 seu
1291 2244 1551 2284 uendieionis
1577 2250 1647 2284 aut
1671 2247 1843 2286 alterius
1870 2248 2015 2287 cuius-

146 2312 247 2352 libet
271 2316 513 2352 contractus
540 2312 657 2352 titulo
683 2312 894 2366 douoluta,
918 2313 972 2352 ad
997 2313 1196 2352 honorem
1220 2313 1511 2366 omnipotentis
1537 2313 1603 2354 dei
1632 2326 1682 2354 ae
1705 2315 2014 2369 gloriosissime

145 2382 371 2435 genitricis
421 2383 512 2421 eius
560 2382 745 2435 uirginis
790 2382 931 2422 Marie
971 2383 1221 2421 auctoritate
1262 2383 1389 2436 regia
1429 2383 1617 2434 predicto
1660 2386 1914 2424 monasterio
1963 2397 2013 2425 ac

146 2450 296 2490 ibidem
323 2450 404 2490 deo
427 2448 721 2490 famulantibus
745 2451 785 2490 in
813 2456 1055 2502 perpetuum
1084 2449 1386 2506 confirmamus,
1417 2454 1710 2506 graciamque,
1738 2465 1858 2505 quam
1879 2454 2014 2494 eidem

145 2519 332 2559 claustro
364 2519 406 2558 in
439 2517 759 2560 confirmacione
792 2520 1024 2560 huiusmodi
1056 2520 1124 2560 uel
1149 2520 1384 2561 donacione
1415 2521 1496 2561 alia
1522 2521 1811 2573 qualicumque
1840 2520 2012 2563 fecimus

1589 2586 1702 2630 43³*
