2212 2876
1045 150 1145 193 381

955 292 1032 336 CC
1038 292 1242 336 CXXIX.

170 390 458 439 wenceslaus,
497 402 583 429 rem
621 389 839 440 Boemtue,
876 400 959 441 pro
997 389 1184 428 remedio
1224 389 1390 428 animae
1427 388 1574 427 neutris
1615 399 1717 426 suae
1757 385 2030 427 Constantine

161 460 416 498 monasterio
452 459 772 509 Tirsnowicensi„
808 457 878 497 ubi
910 458 1071 510 sepulta
1103 460 1175 504 est,
1197 458 1276 509 jus
1307 459 1555 509 patronatus
1588 456 1865 495 ecclesiarum
1897 455 2033 494 sancti

216 528 343 567 Petra·
372 528 566 580 Brumae,
599 528 643 567 in
673 527 881 567 Bada-icc
913 529 951 566 et
980 528 1025 566 in
1056 527 1176 566 Biles
1210 527 1386 578 confert.
1461 526 1616 564 Datum
1648 526 1692 564 in
1728 522 1976 574 Tssnourice‚

734 596 833 637 1⁷11.
865 596 972 636 Idas
1006 594 1268 647 Decembris,
1314 593 1468 635 1240.

296 689 357 749 In
390 708 566 748 nomine.
590 706 765 750 Sancte.
791 712 833 748 et
860 708 1070 747 indiuidue
1095 707 1313 747 Trinitatis
1346 707 1494 747 Amen.
1536 706 1604 746 W
1608 705 1832 745 enceslaus
1858 711 2032 756 qvartus

164 776 265 816 Rex
305 778 475 817 Boemie
517 806 527 816 .
569 807 580 817 .
622 778 856 818 Abbatisse
897 781 939 817 et
979 777 1204 816 conuentui
1251 774 1569 827 Cysterciensis
1612 775 1782 815 ordinis.
1824 775 1864 813 in
1905 774 2035 813 Porta

165 845 247 885 celi
294 846 403 898 quod
449 846 582 900 uulgo
636 845 932 887 Talzsnowe‘cz.
981 846 1143 885 dicitur.
1193 847 1235 885 in
1280 849 1535 896 perpetuum.
1601 844 1803 893 Quoniam
1849 845 2034 883 testante

166 915 358 966 apostolo
392 926 576 955 exorare
610 927 684 967 pro
711 916 908 955 emortuis
942 918 1008 954 est
1033 917 1183 954 sancta
1218 915 1431 967 cogitacio
1465 916 1508 954 et
1531 914 1727 953 salubris.
1749 916 1794 952 ut
1819 912 2035 952 soluantur

166 996 192 1037 a
224 985 413 1035 peccatis
456 996 537 1036 que
576 983 811 1039 fragilitate
855 994 1037 1035 persepe
1077 983 1325 1034 preualente
1365 982 1605 1022 mortalibus
1649 983 1953 1021 commiserunt.
1994 982 2035 1019 et

167 1052 358 1105 plerique
393 1055 661 1104 preoccupati
692 1045 988 1105 inundanarum
1022 1052 1270 1105 dignitatum
1302 1052 1513 1105 negociis.
1554 1063 1632 1090 ceu
1666 1051 1871 1090 deberent
1903 1050 2036 1088 minus

168 1126 345 1173 possunt
377 1123 444 1164 in
451 1123 693 1189 oracienum
728 1133 887 1161 vacare
920 1120 1169 1173 frequentia.
1202 1119 1294 1161 sore
1322 1121 1592 1160 millissimum
1625 1120 1815 1160 vidimus.
1848 1123 1894 1158 vt
1927 1117 2036 1169 quod

167 1175 414 1246 negligitur
455 1180 507 1232 ἱιὶ
547 1191 721 1231 or.ando
771 1191 868 1230 illud
910 1192 977 1242 pio
1028 1194 1069 1229 et
1108 1190 1187 1229 deo
1234 1191 1422 1244 gratuito
1464 1190 1781 1229 elemosinarum
1830 1186 2037 1227 sacrificio

168 1260 427 1311 suppleatur.
490 1260 601 1299 Hinc
636 1263 701 1299 est
734 1260 842 1312 quod
875 1260 1088 1300 vniuersis
1130 1259 1329 1298 modoine
1364 1259 1501 1298 etatis.
1535 1270 1699 1298 necnon
1740 1261 1781 1297 et
1813 1257 2038 1296 succesiue

168 1329 427 1380 posteritatis
478 1330 742 1380 presencium
787 1329 1055 1368 exhibicione
1103 1329 1347 1367 clarescere
1394 1328 1594 1372 uolumus,
1643 1327 1749 1378 qnod
1793 1326 1956 1365 domina
1997 1329 2040 1365 et

168 1401 302 1437 matre
333 1401 478 1437 nostra
512 1399 662 1450 optime
702 1398 1054 1439 Recordacionis.
1089 1398 1358 1438 Constant-ia.
1399 1397 1610 1449 quondam
1649 1397 1818 1447 Reyina
1851 1396 2038 1435 Boemie.

170 1467 248 1507 iter
280 1468 480 1506 rniuerse
519 1468 664 1506 carnis
698 1468 908 1519 inyressa.
949 1467 1067 1505 cuius
1100 1470 1268 1506 mortem
1308 1478 1389 1506 non
1422 1466 1514 1505 sine
1556 1465 1699 1504 dolore
1740 1477 1790 1504 ac
1831 1465 2039 1515 suspiriis.

170 1535 212 1576 in
246 1527 376 1576 corde
416 1539 559 1576 nostro
594 1536 818 1577 reuoluere
860 1548 939 1576 nos
974 1538 1148 1586 oportet.
1188 1538 1232 1575 ut
1265 1547 1384 1587 quam
1418 1533 1551 1573 filialis
1591 1535 1780 1574 caritatis
1814 1534 2040 1587 priuilegio

170 1606 381 1645 uiuentem
414 1605 721 1645 dilexissemus.
757 1606 931 1645 eandem
965 1606 1096 1644 eciam
1128 1609 1325 1644 mortuam
1366 1604 1550 1657 diligere
1583 1603 1822 1643 uideremur
1855 1615 1929 1655 pro
1963 1613 2040 1642 sue

171 1675 356 1714 remedio
390 1676 525 1714 anime
558 1675 824 1715 Monasterio
848 1675 978 1714 Porte
1004 1674 1082 1713 celi
1114 1673 1498 1712 sanctiiiionialilms
1532 1670 1836 1713 Cisterciensis
1870 1672 2041 1711 ordinis.

172 1742 241 1783 vbi
270 1744 439 1796 prefata
480 1743 650 1783 domina
683 1747 721 1783 el
751 1747 882 1783 mater
922 1746 1068 1782 nostra
1102 1743 1226 1792 eleyit
1263 1745 1301 1781 el
1329 1742 1462 1781 voluit
1500 1742 1673 1794 sepeliri
1705 1753 1824 1781 omne
1864 1742 1928 1780 ius
1961 1753 2043 1792 pa-

172 1816 363 1852 tronatus
398 1813 652 1865 quarundam
686 1814 976 1853 ecclesiarum.
1010 1812 1119 1864 quod
1152 1812 1204 1850 ad
1238 1822 1315 1850 nos
1348 1810 1581 1862 spectabat.
1615 1811 1814 1850 Ecclesie
1846 1810 2045 1850 uidelicet

174 1881 300 1921 Reate·
331 1882 455 1921 Petra·
487 1884 530 1921 in
554 1883 737 1921 Bramme
771 1885 809 1921 el
831 1882 1131 1921 Ecclesiarum
1163 1882 1207 1920 in
1231 1880 1450 1920 Bndwice.
1479 1883 1518 1919 ec
1547 1880 1591 1919 in
1613 1880 1744 1930 Byles
1776 1879 1889 1931 quod
1910 1880 2043 1918 eciam

174 1950 418 2001 Heynriclzs
460 1950 626 1990 dicitur.
670 1951 914 1990 contulimus
957 1954 1158 2001 perpetuo
1207 1949 1514 2000 possidendum.
1555 1960 1713 1987 omnem
1755 1949 2043 1988 auctoritatem

175 2030 280 2071 sepe
319 2021 528 2060 memorati
567 2021 820 2060 Monasterii
861 2020 1079 2059 abbatisse
1120 2022 1163 2058 et
1201 2016 1455 2059 Conuentvi.
1495 2017 1548 2057 de
1590 2020 1734 2056 nostre
1778 2016 2043 2056 excellencie

175 2089 469 2128 beniuolencia
508 2089 808 2129 concedentes.
851 2088 1023 2128 easdem
1062 2087 1286 2128 Ecclesias
1333 2086 1386 2126 ad
1426 2098 1528 2126 usus
1569 2098 1670 2125 suos
1713 2086 1934 2126 retinendi.
1975 2086 2045 2126 vel

176 2158 241 2197 cui
277 2158 338 2197 eis
372 2158 578 2209 placuerit
610 2157 869 2197 conserendi.
920 2159 1101 2207 Insuper
1134 2160 1177 2196 et
1208 2155 1464 2207 sepedictum
1490 2155 1794 2195 Monasterium
1830 2156 1896 2206 pie
1929 2166 2045 2194 com-

175 2227 387 2278 passionis
426 2227 664 2266 uisceribus
706 2227 896 2278 amplecti
940 2225 1075 2277 quoad
1119 2225 1360 2264 uixerimus.
1400 2236 1450 2263 ac
1484 2235 1690 2275 personas
1732 2224 1918 2263 eiusdem
1952 2224 2044 2262 siue

176 2306 248 2335 res
290 2295 538 2335 intendimus
588 2296 641 2335 ab
689 2296 877 2335 omnibus
916 2295 1184 2334 inuasoribus
1223 2293 1452 2348 Regaliter
1497 2291 1738 2332 defensare.
1780 2293 2046 2332 inhesitatam

177 2365 416 2405 obtinentes
457 2362 657 2403 fiduciam.
699 2365 808 2416 quod
849 2375 900 2403 eo
940 2362 1051 2402 sacto
1092 2362 1214 2402 nobis
1255 2374 1306 2402 ac
1346 2363 1500 2401 nostr1s
1540 2361 1862 2401 successoribus
1905 2361 2046 2413 aliqua

177 2434 331 2485 poterit
355 2436 531 2484 parente
560 2432 721 2472 domino
748 2434 866 2472 cuius
891 2431 1180 2471 misericordie
1214 2443 1295 2470 non
1322 2434 1388 2470 est
1415 2429 1506 2469 linis
1530 2432 1774 2482 premiorum
1803 2431 2044 2469 consolacio

178 2502 376 2541 deriuari.
440 2501 496 2543 Ut
534 2505 670 2540 autem
721 2501 801 2541 hec
843 2505 922 2540 tam
964 2498 1158 2555 glorifica
1205 2499 1381 2539 donacio
1425 2500 1465 2539 in
1513 2494 1777 2539 Monasterio
1820 2503 2043 2550 pretaxato

182 2571 464 2622 sollempniter
497 2570 727 2610 celebrata.
771 2574 812 2610 et
844 2581 973 2621 super
1013 2570 1147 2609 altare
1182 2570 1316 2609 Beate
1356 2569 1554 2624 virginis.
1595 2581 1620 2608 a
1653 2568 1773 2607 nobis
1814 2567 2045 2607 liberaliter
