2212 2876
1047 66 1086 113 '5

1035 214 1113 253 IV.

145 338 362 396 Premysl,
396 356 479 383 rex
502 344 761 383 Boemorum
793 346 833 382 et
854 342 948 382 dum
982 342 1338 392 olomucensium,
1366 341 1566 391 Roberto,
1600 342 1797 394 episcopo
1832 342 2009 382 Olomu-

143 413 260 452 censi
292 412 478 453 decimas
517 414 562 452 in
594 414 818 465 proi-incia
861 412 1135 452 Holase’censi
1174 411 1271 450 dari
1305 412 1527 462 constituit,
1562 411 1784 462 villamque
1825 413 2011 463 Drys-tce

565 481 820 521 hereditarie
853 482 1028 534 confert.
1076 482 1226 522 Mense
1259 481 1394 532 datio,
1435 479 1588 520 1201.

272 600 333 664 In
357 624 520 664 nomine
546 627 695 663 sancte
727 627 769 663 et
802 623 1015 662 indiuidue
1042 623 1239 663 trinitatis
1266 623 1399 673 patris
1428 626 1469 661 et
1500 620 1569 663 filii
1596 625 1639 661 et
1662 623 1835 673 spiritus
1862 623 2011 661 sancti.

143 693 294 734 Notum
327 695 382 733 sit
413 693 624 733 uniuersis
664 696 812 731 sancte
848 693 1070 745 religionis
1111 692 1343 730 christiane
1385 689 1700 742 professoribus
1743 696 1784 730 et
1823 692 1863 730 in
1898 692 2012 730 cari-

145 764 243 803 tatis
276 763 431 802 unione
464 760 641 803 fideliter
672 761 1061 812 perseuerantibus.
1095 765 1176 799 tam
1209 760 1479 812 presentibus
1521 772 1641 811 quam
1674 760 1870 811 posteris.
1905 760 2014 811 quod

146 842 234 886 ego
267 831 471 871 Premisl.
504 831 772 871 miseratione
804 830 942 869 diuina
978 829 1218 880 opitulante.
1261 840 1340 867 rex
1382 829 1628 868 Boemorum
1662 829 1812 867 tertius
1846 832 1887 867 et
1920 828 2014 867 dua:

149 900 491 942 olomuc-ensium
524 900 798 940 reminiscens
831 899 1090 938 condicionis
1132 898 1324 937 humane.
1366 902 1491 948 atque
1525 895 1744 951 fragilitati
1784 908 1874 936 mee
1909 908 2013 935 con-

143 969 300 1008 sulens.
326 981 400 1019 pro
425 969 608 1007 remedio
629 972 894 1019 peccatorum
911 979 1102 1006 meorum.
1123 968 1297 1017 cupiens
1318 967 1530 1017 particeps
1557 964 1644 1005 fieri
1663 970 1809 1004 eterne
1827 966 2012 1004 retribu-

142 1038 274 1077 cionis
305 1038 358 1077 ab
393 1039 565 1077 omnium
599 1037 800 1076 bonorum
835 1037 1101 1075 retributore.
1135 1047 1224 1075 cum
1258 1037 1444 1089 coniuge
1479 1046 1568 1074 mea
1605 1036 1762 1088 regina
1794 1034 2010 1076 Commu-

143 1108 224 1146 οἱα.
265 1110 307 1147 et
346 1105 424 1146 filio
465 1118 554 1145 meo
608 1106 853 1145 ΠῙι-ιιῖὶῖλιιο.
899 1105 1227 1144 acclamantibus
1269 1111 1311 1143 et
1358 1104 1622 1143 laudantibus
1674 1103 1861 1142 omnibus
1911 1104 2014 1142 meis

146 1176 402 1233 primatibus.
438 1180 517 1217 tam
558 1175 717 1214 boemis
751 1186 871 1226 quam
903 1175 1095 1214 morauis.
1137 1174 1333 1213 constitui
1366 1173 1567 1212 decimam
1607 1173 1808 1223 episcopo
1849 1172 1939 1211 dari
1973 1173 2015 1211 in

148 1246 366 1298 prouincia
409 1245 636 1285 Golasizch
677 1244 860 1296 undique
904 1255 979 1294 per
1019 1254 1162 1283 omnes
1202 1243 1324 1282 uillas
1372 1253 1488 1281 meas
1531 1246 1573 1280 et
1612 1241 1777 1280 militum
1819 1252 2014 1279 meorum.

147 1316 358 1355 uidelicet.
392 1315 469 1354 Vl.
503 1314 700 1353 denarios
742 1313 793 1352 de.
833 1319 987 1352 aratro.
1052 1342 1061 1351 .
1127 1341 1136 1350 .
1200 1341 1210 1350 .
1275 1342 1284 1350 .
1350 1310 1578 1350 secundum
1621 1311 1684 1349 ius
1720 1309 2015 1349 ecclesiastice

148 1384 426 1424 institucionis
476 1389 517 1422 et
563 1384 822 1433 antiquorum
869 1381 1140 1420 tradicionem
1190 1384 1364 1430 patrum.
1430 1380 1718 1418 Veruntamen
1766 1379 1863 1430 quia
1903 1375 2017 1417 sacta

145 1453 371 1493 mortalium
420 1455 607 1502 tempore
653 1451 821 1490 labente
874 1451 1073 1489 iacturam
1123 1449 1342 1488 obliuionis
1390 1448 1633 1499 plerumque
1681 1447 1887 1486 senciunt.
1936 1446 2016 1485 nisi

144 1522 403 1562 monimentis
437 1521 664 1560 litterarum
697 1520 940 1573 alligentur.
975 1523 1016 1558 et
1051 1530 1191 1557 eorum
1217 1517 1473 1557 amminiculo
1508 1517 1560 1555 ab
1595 1517 1815 1556 obliuionis
1849 1516 2017 1554 interitu

149 1589 442 1630 defendantur.
490 1590 723 1640 sapientum
771 1590 952 1627 uirorum
999 1588 1272 1638 prouidencia
1322 1587 1553 1626 salubriter
1600 1585 1810 1636 prouisum
1855 1588 1933 1623 est.
1973 1587 2017 1622 ut

148 1660 384 1706 memoriam
417 1669 555 1698 rerum
589 1662 810 1712 gestarum
839 1658 1020 1708 posteris
1054 1658 1211 1707 scripto
1237 1657 1573 1695 transmittamus.
1623 1655 1689 1694 Ne
1725 1655 1857 1708 igitur
1889 1663 2018 1703 super

147 1728 229 1769 hac
254 1728 559 1771 constitucione
589 1738 682 1767 mea
704 1738 825 1778 quam
852 1727 974 1765 etiam
1006 1726 1144 1765 diuiue
1174 1726 1302 1780 leges
1333 1725 1580 1775 approbant.
1615 1724 1754 1774 aliqua
1779 1722 2018 1761 suboriatur

151 1797 446 1852 negligencia.
479 1796 547 1835 uel
587 1796 880 1835 controuersie
913 1795 1151 1834 admittatur
1191 1795 1360 1834 occasio
1401 1792 1679 1832 fraudulenta.
1720 1803 1915 1831 summam
1955 1791 2019 1830 rei

147 1868 277 1921 geste
310 1869 572 1917 posterorum
604 1865 800 1904 memorie
840 1865 997 1914 scripto
1036 1862 1526 1916 transmittere-dignum
1568 1861 1682 1900 duxi.
1716 1864 1842 1911 atque
1885 1859 2018 1913 sigilli

152 1933 240 1990 meij
263 1936 530 1986 inpressione
562 1932 815 1973 confirmaui.
865 1933 1043 1972 Nomina
1077 1933 1209 1971 eciam
1242 1932 1406 1971 testium
1434 1932 1503 1982 qui
1537 1930 1670 1969 eidem
1705 1928 1859 1967 actioni
1885 1926 2016 1967 affue-

149 2008 255 2044 runt.
289 2008 369 2044 tam
408 2003 678 2054 spiritualium
712 2014 833 2054 quam
871 2001 1137 2041 secularium.
1179 2001 1367 2051 presenti
1407 2000 1567 2053 pagine
1608 2000 1802 2037 inserere
1843 1996 2015 2048 precepi

148 2073 341 2124 quatinus
366 2072 600 2112 testimonio
634 2071 848 2111 multorum
869 2071 1029 2110 ueritas
1062 2070 1208 2108 innixa
1235 2069 1602 2119 calumpniatorum
1632 2070 1873 2118 compescat
1894 2063 2017 2104 falla-

151 2142 268 2180 ciam.
331 2141 379 2182 Si
413 2142 504 2193 quis
538 2146 675 2180 autem
715 2141 902 2180 irretitus
941 2140 1050 2178 uicio
1084 2137 1287 2188 superbie
1330 2137 1408 2176 hoc
1442 2137 1654 2176 immutare
1695 2134 2016 2185 attemptauerit.

147 2217 352 2261 tamquam
398 2210 640 2264 sacrilegus
688 2214 891 2260 perpetuo
932 2208 1197 2248 anathemate
1238 2207 1457 2246 damnatus
1501 2205 1718 2256 perpetuis
1759 2203 2016 2242 cruciatibus

150 2277 301 2325 inferni
356 2278 591 2329 deputetur.
654 2279 729 2318 Isti
779 2282 876 2318 sunt
924 2279 992 2330 qui
1037 2275 1254 2316 affuerunt.
1318 2277 1528 2314 Bawarus
1577 2275 1816 2325 episcopus.
1854 2270 2016 2311 Jursik.

149 2346 311 2393 Cirnin.
344 2347 601 2387 YVlastibor.
629 2347 858 2402 Boguzlau
884 2347 1156 2386 camerarius.
1186 2343 1391 2383 Baluinus
1421 2343 1622 2382 decanus.
1655 2342 1848 2380 Zbineus
1872 2338 2017 2379 archi-

150 2416 366 2456 diaconus.
390 2416 560 2456 Boscho
579 2416 914 2455 archidiaconus.
933 2415 1162 2455 XValterus
1182 2413 1519 2452 archidiaconus.
1539 2411 1797 2461 Stephanus.
1825 2408 2017 2448 Jacobus

148 2486 370 2541 magister.
403 2485 594 2526 Jacobus
634 2496 775 2525 comes
808 2485 861 2525 de
906 2484 1102 2524 lViscou.
1135 2483 1332 2526 Sdizlaus
1375 2480 1727 2522 subcamerarius.
1770 2478 1886 2518 Petr.
1928 2476 2017 2516 Po-
