2212 2876
1042 112 1146 153 347

156 256 236 296 nisi
268 255 375 296 idem
409 255 677 307 supradictus
708 254 1011 309 R[udgerus].
1037 255 1147 307 quod
1173 256 1281 294 sicut
1306 257 1372 294 est
1395 253 1594 294 fundator
1618 254 1672 293 sit
1698 257 1740 293 et
1767 257 2027 305 procurator.

154 325 236 366 Jus
268 329 403 365 autem
443 328 688 377 patronatus
721 324 828 363 illius
869 324 1087 375 hospitalis
1125 324 1313 363 volumus
1347 323 1458 375 qvod
1499 326 1665 375 spectet
1698 323 1751 362 ad
1786 324 2028 374 episcopum

157 394 474 435 olomucensem
507 394 585 434 sub
619 397 737 433 certa
771 394 936 433 annuali
971 396 1188 444 pensione.
1221 393 1309 433 XII
1344 393 1619 432 denariorum.
1655 393 1726 444 qvi
1759 392 1900 443 choro¹
1925 392 2029 432 Olo-

157 465 342 504 mucensi
367 463 576 503 annuatim
602 463 911 514 persoluentur.
955 463 1065 502 Nulli
1091 474 1202 517 ergo
1229 463 1391 501 omnino
1418 462 1772 517 hominumliceat
1798 461 2028 512 predictum

157 533 290 573 locum
333 533 553 584 hospitalis
592 532 857 583 perturbare.
899 535 969 571 aut
1013 543 1154 571 eorum
1197 532 1497 583 possessiones
1539 529 1723 570 auferre.
1755 530 1824 569 uel
1865 530 2031 569 ablatas

157 603 358 642 retinere.
391 602 591 641 minuere.
625 612 703 640 seu
744 601 1077 652 qvibuscumqve
1113 601 1413 640 vexationibus
1448 598 1652 653 fatigare.
1686 599 1763 638 sed
1797 600 1932 638 omnia
1963 600 2031 638 in-

157 674 287 725 tegra
321 674 645 710 conseruentur.
669 679 809 709 eorum
835 682 910 721 pro
937 670 1251 724 gubernatione
1285 682 1335 708 ac
1367 670 1674 708 sustentatione
1699 679 1909 708 concessa
1933 671 2032 707 sunt

160 740 311 779 usibus
354 740 594 779 omnimodis
633 737 863 791 profutura.
905 739 1026 778 salua
1069 740 1108 778 in
1143 739 1329 778 omnibus
1362 741 1508 777 nostra
1549 741 1591 776 et
1623 748 1919 776 successorum
1951 748 2032 776 no-

158 812 337 849 strorum
379 809 643 848 auctoritate.
707 808 755 849 Si
796 809 866 860 qvi
898 819 1002 847 uero
1042 806 1214 847 fratrum
1257 812 1490 847 vestrorum
1529 808 1601 858 qvi
1643 806 1838 846 destinati
1877 803 2033 846 suerint

159 877 213 918 ad
248 878 501 917 elemosinas
535 872 816 931 colligendas.
850 879 891 916 in
925 877 1149 928 quamlibet
1177 877 1397 916 ciuitatem.
1432 876 1647 915 castellum
1680 875 1751 914 vel
1784 876 1920 914 vicum
1952 874 2032 914 ad-

158 948 367 987 venerint.
409 948 446 986 si
479 945 585 986 forte
626 947 744 986 locus
777 946 846 985 ille
887 958 912 985 a
945 946 1096 984 diuinis
1137 943 1262 985 fuerit
1295 944 1441 984 officiis
1481 945 1741 984 interdictus.
1781 956 1857 995 pro
1899 944 2032 983 omni-

159 1017 341 1068 potentis
382 1016 448 1055 dei
483 1017 725 1055 reuerentia
766 1017 806 1054 in
841 1026 982 1054 eorum
1025 1015 1208 1054 aduentu
1249 1015 1425 1053 iocunde
1467 1014 1597 1054 semel
1630 1015 1671 1053 in
1711 1025 1821 1053 anno
1855 1012 2033 1063 pulsatis

159 1085 374 1135 campanis
415 1085 660 1135 aperiantur
703 1085 887 1123 ecclesie
922 1087 965 1123 vt
1004 1095 1133 1135 snper
1167 1084 1406 1123 elemosinis
1447 1083 1729 1134 acquirendis.
1770 1082 1945 1121 verbum
1978 1080 2033 1121 ad

158 1154 351 1206 populum
384 1153 692 1192 exhortationis
726 1154 766 1192 in
800 1153 984 1192 ecclesia
1019 1157 1288 1204 proponatur.
1348 1151 1451 1193 Cum
1485 1155 1620 1191 autem
1653 1151 1862 1205 generale
1897 1152 2032 1190 inter-

149 1222 311 1262 -dictum
343 1226 459 1261 terre
501 1221 637 1262 fuerit.
671 1223 798 1261 liceat
837 1223 878 1261 in
913 1222 1108 1261 ecclesiis
1141 1222 1298 1261 vestris
1339 1221 1686 1276 clausis-ianuis.
1729 1221 1916 1260 exclusis
1950 1231 2033 1259 ex-

160 1292 469 1332 communicatis
512 1295 554 1330 et
587 1291 835 1330 interdictis.
877 1304 958 1331 non
999 1292 1173 1343 pulsatis
1214 1291 1425 1342 campanis
1466 1301 1699 1341 suppressa
1741 1301 1848 1329 uoce
1892 1289 2034 1328 diuina

161 1359 297 1400 oflicia
331 1361 555 1399 celebrari.
620 1360 881 1411 Precipimus
915 1361 1036 1400 etiam
1070 1365 1113 1399 ut
1146 1360 1281 1399 nullus
1314 1360 1516 1399 hominum
1550 1371 1656 1399 ausu
1688 1360 1910 1398 temerario
1944 1359 2034 1410 (a).

164 1429 317 1469 audeat
352 1440 496 1467 manus
524 1428 732 1468 violentas
767 1430 805 1468 in
835 1429 1014 1480 aliqvam
1050 1441 1269 1480 personam
1297 1440 1471 1480 ponere.
1505 1429 1573 1480 qvi
1601 1440 1676 1480 pro
1709 1439 1815 1479 pace
1839 1428 1893 1467 ad
1926 1428 2034 1467 idem

161 1498 370 1549 hospitale
403 1496 660 1552 confugerit.
723 1498 873 1537 Nullus
907 1499 1027 1538 etiam
1059 1498 1326 1538 sacerdotum
1360 1498 1515 1537 audeat
1546 1497 1802 1537 interdicere
1834 1500 2033 1536 mortuum

163 1568 314 1608 ibidem
356 1567 540 1617 sepeliri.
583 1567 651 1619 qvi
691 1571 789 1607 ante
833 1568 985 1608 obitum
1024 1580 1139 1607 suum
1180 1579 1270 1606 cum
1310 1571 1558 1606 testamento
1598 1579 1674 1606 suo
1715 1567 1750 1605 si
1785 1577 1836 1606 se
1868 1566 2035 1617 petierit

162 1637 258 1676 illuc
291 1635 527 1676 transferri.
592 1636 844 1688 Qvicunqve
877 1641 1013 1676 autem
1047 1640 1177 1691 grata
1210 1636 1399 1675 subsidia
1434 1636 1621 1687 predicto
1655 1635 1847 1687 hospitali
1883 1646 2034 1686 porre-

163 1707 319 1746 xerint.
354 1705 406 1744 de
440 1707 628 1756 peccatis
663 1706 815 1757 qvibus
849 1707 1013 1745 contriti
1047 1709 1142 1745 sunt
1176 1709 1217 1744 et
1250 1704 1434 1745 confessi
1470 1709 1512 1744 et
1545 1706 1708 1745 cessari
1744 1705 1948 1745 uoluerint
1982 1705 2035 1744 de

167 1775 457 1815 misericordia
485 1775 551 1814 dei
578 1776 867 1826 omnipotentis
901 1774 1173 1815 confidentes.
1196 1775 1279 1815 XL
1307 1775 1398 1814 dies
1425 1774 1477 1814 de
1502 1776 1686 1814 iniuncta
1714 1775 1777 1814 eis
1802 1774 2032 1826 penitentia

164 1844 445 1898 indulgemus.
513 1844 577 1883 De
610 1849 755 1883 cetero
800 1856 1079 1884 successores
1113 1848 1282 1884 nostros
1316 1845 1589 1883 obsecramus
1623 1847 1664 1883 et
1697 1844 1954 1883 obtestamur
1992 1844 2034 1883 in

165 1911 338 1953 Christo
371 1913 483 1952 Jesv
516 1914 586 1965 qvi
620 1917 825 1953 venturus
860 1917 927 1953 est
958 1914 1147 1953 iudicare
1180 1913 1302 1953 vinos
1336 1917 1378 1952 et
1409 1916 1604 1952 mortuos.
1640 1916 1684 1952 vt
1716 1913 1846 1952 locum
1880 1925 2035 1964 supra-

165 1981 266 2022 dicti
299 1982 518 2032 hospitalis
561 1994 651 2021 cum
686 1983 880 2034 personis
920 1986 962 2022 et
994 1984 1122 2022 rebus
1163 1983 1215 2022 ad
1256 1982 1551 2033 hospitalitatis
1597 1981 1773 2022 oss'icium
1814 1982 2032 2034 deputetis.

165 2054 362 2101 tanqvam
389 2051 630 2101 spirituales
664 2053 827 2102 patroni
852 2052 1096 2103 specialiter
1128 2050 1298 2092 foneant
1329 2055 1371 2091 ct
1396 2050 1636 2090 defendant.
1670 2062 1791 2103 qvam
1817 2052 1854 2090 si
1878 2052 2035 2091 ceteris

167 2120 245 2171 piis
278 2119 383 2158 locis
415 2124 650 2159 teneantur.
685 2124 727 2160 et
760 2125 908 2160 eterne
942 2121 1289 2160 remunerationis
1322 2121 1467 2160 intuitu
1500 2120 1737 2172 prouidere.
1770 2120 1866 2160 huic
1898 2124 2035 2161 tamen

166 2188 361 2239 hospitali
396 2189 505 2240 qvod
547 2190 586 2228 in
621 2190 851 2229 subsidium
885 2190 1065 2229 ciuitatis
1106 2190 1372 2229 Brunnensis
1414 2192 1456 2229 et
1488 2191 1663 2229 omnium
1695 2190 1885 2231 villarum
1919 2193 1961 2229 et
1993 2190 2035 2229 in

167 2261 312 2297 nostra
353 2257 513 2296 diocesi
546 2259 816 2298 existentium
858 2257 1069 2298 fundatum
1110 2263 1177 2298 est
1209 2263 1252 2299 et
1291 2259 1485 2299 dotatum.
1519 2263 1562 2299 et
1601 2263 1680 2299 tam
1714 2260 1871 2299 nostris
1914 2269 2035 2310 qvam

167 2337 462 2366 successorum
481 2330 714 2366 nostrorum
738 2328 888 2367 diebus
914 2328 1122 2367 credimus
1145 2328 1431 2379 ampliandum.
1457 2340 1599 2368 curam
1622 2328 1777 2369 debent
1795 2328 2035 2379 impendere

168 2395 436 2447 spiritualem.
499 2396 547 2435 Si
587 2407 668 2447 qua
707 2398 840 2451 igitur
888 2398 928 2436 in
968 2395 1146 2436 futurum
1194 2398 1489 2437 ecclesiastica
1537 2398 1803 2437 secularisve
1852 2408 2035 2448 persona

167 2464 278 2504 hanc
312 2468 457 2503 nostre
482 2466 748 2505 institutionis
783 2466 999 2520 paginam.
1027 2467 1171 2505 sciens
1204 2470 1351 2506 contra
1385 2478 1477 2506 eam
1501 2468 1650 2506 venire
1683 2471 1841 2506 temere
1873 2470 2033 2517 tempe—

168 2534 339 2573 rauerit.
372 2533 560 2573 secundo
594 2535 775 2574 tertiove
804 2536 1045 2575 commonita
1084 2536 1161 2575 nisi
1188 2540 1345 2576 reatum
1377 2549 1494 2576 suum
1526 2547 1721 2590 congrua
1745 2534 2034 2576 satisfactione

1607 2604 1721 2644 44:2ss
