2212 2876
994 82 1061 124 77

98 224 304 276 probante
335 223 464 264 nobili
486 224 577 263 uiro
611 224 814 264 Tazzone
839 224 963 264 didici
985 225 1213 264 ueraciter.
1240 226 1377 264 tamen
1409 235 1463 264 ne
1487 222 1640 265 factum
1666 225 1735 276 ple
1767 226 1962 267 memorie

97 294 230 345 patris
263 294 342 333 mei
374 291 526 344 prefati
569 291 769 333 fratribus
804 294 1077 345 prenominati
1116 293 1335 344 hospitalis
1374 293 1566 332 inaniter.
1631 293 1820 334 Tazzoni
1859 306 1963 335 uero

96 359 260 412 prefato
293 365 335 401 et
367 362 456 401 suis
490 361 718 401 heredibus
757 363 924 401 iniuste.
958 361 1169 401 accidisse
1209 360 1385 400 dicatur.
1419 361 1593 416 dignum
1625 361 1726 402 duxi
1766 362 1819 402 ad
1852 363 1963 414 peti-

95 431 249 471 tionem
268 429 483 471 Cvonradi
501 431 697 485 magistri
716 430 859 470 domus
877 430 1027 470 ibidem
1046 431 1295 470 auctoritate
1320 433 1465 470 nostra
1483 428 1653 470 firmiter
1670 431 1963 471 roborandum.

95 498 329 539 accedente
361 499 415 538 ad
447 499 526 539 hoc
559 510 773 539 consensu
805 500 935 551 ipsius
969 499 1117 538 nobilis
1151 499 1228 538 uiri
1261 498 1488 539 'Pazzonis.
1521 499 1591 552 qui
1622 500 1862 540 resartione
1895 501 1962 540 sui

98 567 261 619 dampni
296 568 375 619 ipsi
408 579 485 619 per
516 579 580 607 me
612 566 724 608 facta
764 579 813 608 se
846 571 1082 608 contentum
1117 578 1221 607 esse
1260 568 1521 607 acclamauit.
1556 566 1768 616 Quocirca
1806 572 1850 608 ut
1882 568 1962 608 hec

96 636 244 676 eadem
283 635 536 677 confirmatio
578 637 619 676 in
659 648 778 677 euum
818 640 1065 688 permaneat
1103 636 1349 676 inconuulsa
1394 637 1613 691 priuilegii
1653 638 1872 677 munimine
1911 648 1962 676 ac

96 707 261 746 testium
294 706 588 746 subnotatione
619 717 699 746 nec
732 718 815 746 non
840 706 970 760 sigilli
1004 706 1082 744 mei
1115 706 1390 756 impressione
1414 706 1522 745 hanc
1555 706 1758 760 paginam
1790 706 1964 746 decreui

96 775 314 815 roborare.
364 775 551 814 'restium
577 786 680 814 uero
713 776 876 814 nomina
903 778 1000 813 sunt
1024 774 1127 813 hec:
1159 774 1374 814 Zdezlaus
1405 775 1644 825 prepositus
1669 776 1805 814 sancti
1831 775 1962 814 Petri.

96 843 266 898 Bogdal
299 844 537 895 prepositus
571 844 624 883 de
656 843 867 897 Raigrad.
901 843 1037 882 Lewa
1070 842 1201 882 iudex
1239 843 1490 882 Brunensis.
1523 842 1770 894 Stephanus
1803 843 1963 883 castel-

96 912 217 952 lanus
252 913 304 952 de
335 913 510 952 Veneri.
544 913 781 952 Emi-annus
808 912 1068 966 burgi-auius
1092 911 1144 951 de
1169 911 1341 952 Znoem.
1375 911 1507 950 Budis
1534 910 1750 963 prefectus
1775 911 1827 951 de
1852 913 1962 966 Igla.

95 981 239 1021 'Pazzo
279 979 411 1020 frater
452 982 557 1020 eius.
596 981 711 1021 XVrs
752 981 804 1021 de
846 980 1009 1020 Zadek.
1060 980 1232 1031 Voyteh
1275 980 1328 1020 de
1366 980 1543 1032 Lapide.
1584 981 1760 1020 aneta.
1801 981 1961 1021 Welis.

95 1049 242 1089 Boiek.
277 1049 440 1091 Gneua.
465 1049 705 1090 Pribizlaus
738 1049 791 1089 de
819 1049 993 1100 Obrany
1027 1053 1069 1089 et
1097 1049 1166 1089 alii
1200 1060 1321 1101 quam
1354 1046 1498 1100 plures
1526 1046 1606 1088 fide
1639 1049 1772 1104 digni.
1812 1050 1964 1090 Actum

93 1120 135 1158 in
168 1119 342 1158 Brunna
375 1131 484 1158 atino
509 1120 810 1159 incarnationis
844 1119 1047 1158 dominice
1074 1118 1285 1157 millesimo
1312 1115 1402 1158 CC.
1425 1117 1548 1158 XlV.
1574 1129 1718 1158 mense
1741 1118 1962 1159 Januario.

94 1187 208 1228 Data
240 1199 318 1239 per
349 1200 494 1227 manus
528 1188 786 1239 Apollinaris
821 1188 938 1227 curie
970 1199 1062 1227 mee
1096 1188 1382 1239 protonotarii.

405 1278 434 1311 E
460 1278 575 1310 codice
599 1279 904 1312 Tisnowicensi
928 1278 998 1310 Ms.
1022 1287 1092 1310 sec.
1117 1278 1211 1310 XIV.

950 1437 1112 1477 LXVI.

122 1578 131 1588 .
169 1578 179 1588 .
225 1529 341 1591 Nos
374 1549 624 1599 Premyzcel
658 1548 725 1588 dei
758 1548 979 1588 clementia
1013 1559 1091 1587 rex
1124 1549 1371 1588 Boemorum
1405 1577 1414 1586 .
1449 1576 1458 1586 .
1492 1576 1503 1586 .
1536 1550 1635 1587 ante
1669 1559 1804 1588 annos
1838 1558 1962 1600 quam

95 1617 236 1669 plures
275 1618 553 1658 mediantibus
583 1617 808 1660 Ruoberto
859 1618 1138 1658 olomucense
1189 1619 1401 1669 episcopo.
1465 1616 1679 1667 'Psyrnino
1728 1617 1961 1657 camerario

93 1691 136 1727 et
168 1685 299 1727 fratre
333 1687 423 1726 eius
448 1687 695 1738 Dyrzyzlao
729 1687 834 1727 duas
867 1687 988 1726 uillas
1022 1715 1032 1725 .
1066 1716 1075 1725 .
1110 1716 1119 1725 .
1153 1686 1436 1740 obligauimus
1469 1686 1612 1725 abbati
1643 1685 1696 1725 de
1728 1685 1960 1737 Myleuzko

94 1783 103 1794 .
138 1785 147 1795 .
181 1785 191 1795 .
225 1756 339 1797 Data
372 1756 521 1811 Prage
555 1757 597 1796 in
621 1756 692 1800 die
725 1755 949 1808 epiphanie
983 1785 992 1796 .
1020 1785 1030 1794 .
1063 1767 1173 1795 anno
1208 1755 1410 1794 dominice
1436 1754 1741 1794 incarnationis
1773 1754 1835 1794 M.
1869 1751 1960 1811 CC.

93 1824 234 1876 quinto
268 1824 438 1864 decimo.

402 1915 456 1948 Ex
481 1916 678 1958 originali
702 1916 829 1948 archivi
852 1915 1127 1947 Worlicensis
1152 1915 1183 1946 in
1206 1913 1366 1946 analectis
1389 1912 1429 1946 F,
1452 1912 1648 1955 Palacky.

937 2073 1122 2114 LXVII.

106 2175 382 2227 Wladislaus,
415 2176 608 2216 marchio
629 2178 869 2228 Moraviae,
901 2176 1059 2216 decidit
1087 2176 1198 2216 litem
1229 2175 1336 2214 inter
1368 2174 1669 2213 monasterium
1695 2170 1959 2214 Gradicense

94 2247 133 2284 et
169 2244 357 2284 homines
392 2245 444 2284 de
480 2245 735 2296 „Luczz'cz”
782 2247 944 2285 ratione
982 2245 1116 2285 silvae
1147 2243 1206 2284 ad
1242 2241 1486 2283 Domatsow.
1550 2243 1701 2282 Actum
1739 2244 1779 2281 et
1815 2241 1957 2281 datam

392 2314 436 2353 in
469 2315 676 2366 colloquio
709 2316 932 2367 Znoymae
970 2314 1017 2354 V.
1051 2312 1158 2353 Idus
1189 2310 1463 2364 Septembris,
1504 2310 1655 2350 1215.

223 2405 282 2466 In
317 2425 479 2465 nomine
512 2425 661 2465 domini
703 2437 835 2466 amen.
898 2425 990 2465 Nos
1031 2422 1308 2474 Wladislaus,
1349 2421 1417 2461 dei
1449 2423 1604 2476 gracia
1637 2420 1822 2460 marchio
1855 2419 1956 2461 Mo-

95 2494 227 2547 rauie,
253 2494 506 2535 monasterio
527 2492 795 2545 Gradicensi,
813 2491 1222 2534 Premonstratensis
1247 2491 1420 2543 ordinis,
1438 2490 1728 2532 olomucensis
1753 2489 1955 2542 diocesis,
