2212 2876
1072 81 1173 122 139

182 221 235 263 de
267 223 492 263 Podivvin.
526 223 622 275 quia
648 223 739 275 ipsa
773 224 976 275 precipue
1009 228 1052 264 et
1075 225 1310 265 immediate
1345 229 1513 277 spectat
1548 226 1599 266 ad
1627 227 1850 267 ecclesiam
1885 226 2056 268 Olomu-

182 303 364 332 oensem.
397 293 496 332 licet
529 294 568 332 ei
600 304 679 344 per
711 297 959 344 potestatem
994 294 1184 334 laicalem
1217 296 1429 335 violencia
1471 296 1526 335 sit
1558 296 1671 336 illata
1705 300 1748 336 et
1781 297 1967 337 ecclesia
2002 298 2054 338 de

179 360 373 401 Podiwin
421 373 638 414 numquam
677 374 755 414 per
795 375 884 402 nos.
925 374 1005 402 nec
1045 376 1122 415 per
1164 369 1469 404 antecessores
1503 369 1672 405 nostros
1716 363 1843 405 suerit
1874 366 2055 407 limitata.

180 429 240 470 Vt
272 435 408 471 autem
442 431 523 471 hec
556 436 649 471 rata
690 436 732 471 et
765 430 878 471 firma
917 437 1203 483 permaneant.
1238 438 1479 485 presentem
1513 436 1717 489 paginam
1758 435 1890 490 sigilli
1923 436 2056 476 nostri

179 501 398 540 munimine
432 499 605 541 fecimus
638 501 893 541 commvniri.

492 601 545 632 Ex
577 601 770 643 originali
801 600 949 642 ejusdem
979 604 1168 634 monasterii
1203 604 1288 645 sign.
1318 603 1359 635 E.
1389 603 1426 635 2.
1461 623 1504 627 —
1543 604 1844 646 Apographum
1874 606 1905 637 in
1935 604 2052 638 codice

594 652 918 684 Welehradensi
944 653 998 684 sol.
1023 652 1086 685 44.

978 837 1251 880 CXXXVII.

177 941 440 992 Rudas-lana,
481 941 811 982 archidiaconus
847 943 1156 994 Olomncensefs,
1196 945 1452 984 monas-[erio
1493 944 1817 986 Irelehradensi
1848 948 2054 999 quasdam

305 1012 601 1063 possessiones
634 1013 677 1050 in
709 1011 884 1064 Hos-ive,
919 1014 960 1052 in
992 1013 1157 1065 Oparz'a
1190 1015 1230 1052 el
1259 1014 1301 1052 in
1330 1013 1518 1054 Cladrub
1552 1016 1727 1068 conserl.
1768 1016 1919 1056 1222.

309 1104 529 1180 Quoniam
564 1134 691 1162 sacre
725 1122 818 1163 fidei
853 1125 1049 1179 religiosi
1083 1125 1267 1165 cultores
1300 1127 1432 1178 ipsam
1466 1124 1584 1166 fidem
1618 1130 1817 1168 consonis
1851 1130 2051 1182 operibus

175 1190 397 1232 informant
430 1196 471 1231 et
503 1203 671 1243 semper
703 1191 927 1233 informare
962 1195 1157 1234 nituntur.
1192 1195 1289 1234 inde
1323 1200 1388 1235 est
1422 1196 1530 1248 quod
1564 1199 1748 1237 terrenis
1782 1211 1863 1238 non
1897 1203 2053 1239 tantum

173 1265 387 1302 testantur
419 1260 650 1301 heredibus
683 1262 760 1301 sed
794 1274 872 1314 spe
906 1268 1144 1303 eternorum
1185 1262 1366 1318 sugitiue
1400 1267 1687 1316 possessionis
1722 1266 1935 1308 Christum
1968 1281 2047 1320 po-

175 1331 257 1371 tius
297 1331 463 1384 eligunt
502 1342 810 1371 successorem.
873 1333 1116 1383 Eapropter
1155 1334 1349 1373 nouerint
1397 1346 1541 1373 omnes
1584 1339 1664 1375 tam
1704 1337 1890 1377 moderni
1931 1349 2051 1390 quam

180 1398 303 1440 futuri
337 1401 535 1450 temporis
568 1404 807 1451 presentem
843 1402 1042 1455 paginam
1076 1404 1321 1453 inspecturi.
1356 1404 1463 1455 quod
1499 1416 1587 1458 ego
1615 1406 1869 1446 Radozlcms
1902 1407 2051 1447 archi-

175 1468 383 1508 diaconus
408 1469 719 1509 Ollomucensis
745 1470 853 1509 dono
879 1470 1064 1521 desuper
1082 1478 1260 1522 accepte
1288 1473 1475 1512 caritatis
1502 1474 1763 1514 exhilaratus
1791 1476 1842 1515 ob
1869 1488 2051 1516 meorum

175 1538 480 1592 indulgentiam
514 1538 756 1577 delictorum
790 1544 831 1578 et
860 1540 1178 1579 interminabilis
1211 1542 1296 1580 uite
1330 1541 1548 1592 perhenne
1581 1544 1854 1595 participium.
1886 1556 2049 1597 proque

175 1618 355 1647 meorum
397 1607 572 1646 salutari
605 1608 790 1647 remedio
833 1620 1025 1648 carorum
1061 1614 1219 1660 partem
1259 1610 1356 1649 uille
1391 1622 1471 1662 que
1506 1611 1656 1651 dicitur
1698 1614 1895 1653 Hossizc.
1928 1626 2049 1667 quam

176 1677 268 1716 iure
301 1676 517 1727 emptionis
551 1676 685 1716 libere
719 1689 809 1716 cum
844 1679 1031 1717 omnibus
1065 1679 1153 1717 suis
1188 1679 1463 1729 possederam
1493 1681 1764 1731 prouentihus
1798 1683 1908 1722 nnllo
1942 1695 2048 1723 con—

173 1745 409 1785 tradicente
442 1749 513 1784 aut
546 1746 802 1786 reclamante
837 1747 1022 1787 ecclesie
1057 1748 1181 1787 beate
1214 1748 1356 1788 Marie
1400 1750 1586 1803 virginis
1628 1752 1669 1789 in
1702 1752 1924 1803 willeqral.
1966 1764 2047 1804 que

176 1818 242 1855 est
282 1815 423 1854 domus
466 1815 624 1854 ordinis
668 1817 959 1856 cisterciensis
1003 1829 1092 1856 cum
1133 1818 1320 1857 omnibus
1362 1819 1591 1858 attinentiis
1632 1821 1720 1860 suis
1762 1821 2046 1873 sollempniter

174 1884 327 1924 contuli
362 1888 565 1934 perpetua
600 1896 708 1935 pace
742 1886 1050 1936 possidendam.
1109 1887 1162 1926 Et
1196 1888 1385 1938 quoniam
1419 1886 1570 1938 prefati
1606 1889 1764 1928 ordinis
1797 1891 2043 1931 intemerata

174 1952 241 1992 dei
275 1953 465 2007 genitrix
500 1965 629 1993 causa
664 1955 799 1994 tocius
833 1956 943 1995 boni.
975 1967 1053 2006 spe
1085 1956 1230 1995 melior
1264 1961 1305 1996 et
1338 1962 1445 1995 meta
1479 1958 1572 2008 spei
1604 1962 1782 2008 patrona
1817 1965 2043 2011 prepotens

173 2032 274 2061 esse
308 2022 551 2061 dinoscitur.
592 2023 669 2062 sub
703 2025 822 2063 cuius
862 2024 1006 2063 umbra
1040 2023 1195 2064 fratres
1236 2025 1345 2064 dicte
1380 2026 1603 2080 religionis
1644 2027 1870 2067 dilatantur
1903 2034 1944 2069 et
1977 2031 2043 2069 ui—

173 2094 275 2130 uunt
300 2090 574 2144 ingentibus.
599 2094 786 2132 accessit
810 2097 852 2132 et
874 2094 1029 2145 placuit
1055 2094 1161 2145 quod
1188 2095 1331 2148 gratia
1362 2095 1597 2134 deuotionis
1622 2097 1834 2147 amplioris
1861 2098 2041 2139 edocuit.

173 2159 337 2199 scilicet
378 2164 535 2210 partem
574 2172 720 2200 usuum
760 2161 1079 2202 fructuariorum
1120 2161 1231 2203 facte
1272 2163 1511 2203 donationis
1552 2164 1632 2204 hoc
1675 2170 1754 2205 est.
1787 2167 1843 2206 X.
1876 2180 2042 2208 marcas

173 2229 345 2283 argenti
373 2229 413 2267 in
447 2229 648 2280 quasdam
672 2229 928 2271 refectiones
962 2231 1131 2271 fratrum
1161 2232 1258 2272 dicti
1286 2235 1527 2273 monasterii
1552 2237 1740 2286 tempore
1767 2236 2040 2278 determinato

172 2297 253 2338 hoc
288 2301 354 2336 est
387 2298 425 2336 in
460 2301 756 2349 assumptione.
791 2303 1020 2341 natiuitate.
1055 2300 1354 2353 purificatione.
1388 2304 1716 2344 annuntiatione.
1749 2306 1880 2356 ipsius
1914 2306 2040 2346 beate

172 2367 358 2421 virginis
408 2368 475 2418 pie
523 2367 733 2408 ordinare.
799 2369 904 2409 Octo
955 2372 1107 2410 marcis
1155 2371 1276 2410 michi
1323 2373 1530 2411 annuatim
1579 2373 1631 2412 de
1672 2373 1792 2413 dictis
1834 2375 2038 2415 reditibus

171 2436 432 2487 mancipatis.
475 2449 566 2475 nam
602 2437 748 2477 decem
789 2443 829 2478 et
862 2444 955 2478 octo
988 2452 1130 2479 marce
1164 2440 1216 2479 de
1248 2446 1474 2480 memorata
1513 2442 1610 2480 uilla
1643 2453 1700 2481 ex
1733 2455 1870 2483 annuo
1904 2455 2036 2483 censu

172 2506 437 2556 proueniunt.
487 2505 615 2545 Ortus
649 2517 814 2559 quoque
847 2512 890 2548 et
921 2513 1041 2560 prata
1076 2521 1166 2548 cum
1198 2510 1371 2549 uiuariis
1406 2521 1486 2562 que
1520 2511 1559 2549 in
1594 2511 1818 2552 donatione
1851 2513 2038 2553 similiter

1624 2578 1733 2620 182ss
