2212 2876
1118 62 1188 103 88

1074 205 1238 245 LXXI.

215 312 493 356 miden-ecus.
535 311 830 351 Romanorum
879 308 1130 360 imperator,
1181 308 1238 347 ad
1276 309 1521 347 instantiam
1568 308 1787 361 Heinrici,
1827 310 2090 350 marchionis

215 383 454 434 Illorariae,
488 382 527 419 el
553 379 780 431 primatum
822 379 902 415 tam
935 377 1152 429 Boemiae,
1186 389 1310 428 quam
1343 378 1570 417 Mor-aviae
1602 378 1824 430 confirmat
1851 372 2092 420 electionem

284 447 535 499 Wenceslai,
565 446 646 499 filia·
684 440 889 496 PPemysl
922 445 1114 497 malfam}
1156 447 1199 485 in
1233 458 1375 497 reyem
1407 447 1623 485 Bocmz'ae.
1688 448 1848 487 Datum
1884 449 2031 489 Ulmae

771 513 845 554 VI.
879 514 1106 554 Kalendas
1139 515 1336 567 Auqusless
1377 515 1531 555 1216.

344 602 627 664 Fredericus
654 617 868 657 secundus
893 617 1032 657 diuina
1058 615 1229 657 fauente
1257 619 1480 658 clementia
1500 619 1782 659 Romanorum
1802 619 1902 659 Rex
1925 631 2092 671 semper

213 693 454 746 Augustus.
489 693 532 728 et
563 689 665 728 Rex
705 687 866 729 Sicilie.
930 687 978 728 Si
1018 687 1277 738 specialibus
1319 691 1360 727 et
1394 689 1585 739 expertis
1620 686 1810 728 fidelibus
1852 692 1894 728 et
1927 689 2091 729 dilectis

214 765 398 801 nostram
432 760 616 814 gratiam
648 755 823 797 facimus
856 757 1097 808 specialem.
1137 769 1221 796 non
1255 760 1321 796 est
1361 757 1581 811 indignum
1614 761 1680 797 set
1720 762 1927 797 consonat
1960 759 2092 798 omni-

213 831 344 885 modis
379 829 566 883 equitati.
616 828 858 879 Eapropter
890 827 1103 866 vniuersis
1137 827 1305 878 Imperii
1332 825 1522 866 fidelibus
1550 831 1629 866 tam
1666 828 1947 878 presentibus.
1972 839 2092 879 quam

212 899 363 941 futuris
389 901 691 952 imperpetuum
717 901 855 936 notum
889 907 989 936 esse
1014 896 1215 935 uolumus.
1250 896 1358 948 quod
1390 897 1518 935 misso
1552 896 1606 935 ad
1630 897 1886 947 presentiam
1908 900 2093 936 nostram

212 970 448 1011 Benedicto
481 967 720 1008 uenerabili
753 966 1052 1006 archidiacono
1086 965 1317 1005 Belinensi.
1352 968 1643 1016 exposuerunt
1676 966 1915 1005 celsitudini
1947 969 2093 1006 nostre

214 1041 355 1080 dilecti
389 1037 534 1078 fideles
569 1038 714 1076 nostri.
763 1036 981 1076 Hem-icus
1013 1034 1206 1074 marchio
1239 1036 1450 1075 Mor-auae.
1484 1039 1526 1074 et
1558 1035 1815 1074 uniuersitas
1847 1039 2093 1089 magnatum

214 1114 256 1149 et
280 1109 475 1149 nobilium
498 1107 683 1146 Boemie.
718 1105 827 1157 quod
853 1104 1015 1144 comuni
1049 1104 1263 1143 uoluntate
1288 1107 1330 1143 et
1361 1115 1546 1143 assensu
1572 1104 1711 1144 dilecti
1745 1105 1879 1143 nostri
1907 1104 2091 1144 Odacrii.

213 1179 387 1219 illustris
421 1178 544 1232 regis
578 1176 750 1216 Boemie
778 1175 1007 1229 elegerunt
1042 1174 1081 1212 in
1114 1185 1266 1228 regem
1300 1185 1442 1213 eorum
1470 1174 1512 1212 V
1516 1174 1773 1213 encezlanm.
1807 1172 1926 1213 filium
1962 1175 2092 1225 ipsius

213 1250 338 1303 regis
370 1248 541 1288 Boemie
567 1245 904 1299 primogenitum.
939 1246 1113 1294 propter
1139 1243 1248 1295 quod
1282 1243 1491 1283 maiestati
1524 1248 1669 1283 nostre
1696 1244 1894 1283 attentius
1928 1244 2090 1294 suppli-

215 1322 374 1359 carunt.
399 1323 442 1357 ut
476 1316 722 1356 electionem
747 1314 878 1365 ipsius
911 1313 1148 1362 vencezlai
1177 1315 1309 1352 ratam
1332 1312 1588 1352 haberemus
1614 1317 1656 1352 et
1688 1311 1853 1352 firmam.
1884 1316 1925 1352 et
1959 1313 2092 1351 eidem

215 1393 399 1428 nostrum
433 1387 665 1440 benignum
707 1383 960 1435 impertimur
1000 1393 1234 1422 assensum.
1298 1382 1390 1421 Nos
1431 1386 1580 1422 autem.
1621 1383 1717 1433 quia
1749 1383 1891 1421 uotiue
1931 1381 2092 1433 suppli-

214 1458 391 1497 cationis
440 1457 562 1496 huius
612 1453 802 1493 affectum
851 1464 906 1492 ex
954 1462 1111 1506 magne
1157 1450 1368 1491 fidelitatis
1416 1451 1569 1490 ardore
1621 1452 1809 1490 nouimus
1850 1451 2091 1502 prouenire.

220 1527 542 1567 considerantes
584 1523 871 1563 sinceritatem
917 1519 1013 1561 fidei
1052 1525 1094 1560 et
1132 1531 1237 1572 pure
1289 1521 1525 1561 deuotionis
1574 1521 1707 1571 ipsius
1749 1519 1929 1560 Odacre‘z'
1967 1520 2092 1574 regis

220 1597 405 1636 Boemie.
447 1607 567 1646 quam
614 1604 727 1646 erga
766 1592 1023 1630 maiestatem
1071 1595 1256 1631 nostram
1303 1590 1511 1630 hactenus
1559 1590 1760 1630 habuisse
1810 1589 2091 1644 dignoscitur.

218 1666 486 1705 attendentes
528 1664 649 1702 etiam
691 1661 894 1712 obsequia
934 1658 1002 1699 filii
1044 1661 1107 1699 sui
1156 1660 1412 1713 I'encezlaij.
1447 1660 1588 1700 dilecti
1628 1660 1779 1699 sororii
1823 1660 1967 1699 nostri.
2010 1670 2091 1711 que

221 1735 341 1775 nobis
375 1738 417 1774 et
443 1733 614 1784 imperio
641 1729 819 1770 fideliter
843 1730 995 1781 poterit
1019 1729 1239 1769 exhibere.
1266 1730 1318 1768 de
1346 1730 1467 1769 solita
1495 1730 1639 1784 gratia
1667 1732 1813 1768 nostra
1847 1732 1889 1768 et
1916 1729 2091 1768 consilio

216 1805 444 1855 principum
479 1807 522 1841 et
554 1804 796 1855 magnatum
836 1799 1008 1850 imperii.
1043 1800 1109 1850 qui
1150 1803 1247 1837 tunc
1282 1799 1397 1838 circa
1436 1810 1513 1838 nos
1547 1798 1802 1837 existebant.
1844 1797 2092 1837 electionem

216 1874 459 1925 prephatam
486 1876 618 1911 ratam
650 1870 853 1909 habemus
880 1872 922 1907 et
955 1866 1119 1907 firmam.
1147 1874 1188 1907 et
1216 1868 1484 1908 concedimus
1510 1867 1645 1907 eidem
1676 1866 1937 1906 Venoezlao.
1964 1869 2091 1906 totum

216 1955 397 1998 regnum
424 1941 639 1981 Bohemie.
674 1951 762 1979 cum
789 1939 975 1978 terminis
1010 1941 1052 1976 et
1085 1938 1191 1976 omni
1219 1938 1309 1976 iure
1343 1941 1385 1976 et
1417 1937 1578 1990 honore
1612 1948 1663 1975 ac
1690 1936 1922 1975 rationibus
1956 1935 2089 1975 eidem

217 2024 357 2067 regno
393 2010 710 2062 pertinentibus.
744 2010 853 2047 sicut
886 2009 1017 2058 ipsum
1059 2018 1239 2060 regnum
1274 2010 1397 2057 pater
1429 2017 1532 2045 suus
1576 2009 1618 2045 et
1650 2005 1719 2045 alii
1752 2005 2090 2056 predecessores

217 2083 295 2121 sui.
342 2085 424 2120 tam
473 2080 604 2118 duces
653 2090 772 2130 quam
820 2088 971 2131 reges.
1012 2087 1201 2128 umquam
1248 2076 1393 2115 melius
1440 2079 1665 2114 tenuerunt
1712 2078 1755 2114 et
1794 2074 2090 2125 possederunt.

219 2150 470 2191 Mandamus
505 2150 644 2199 itaque
679 2151 721 2187 et
753 2145 921 2186 firmiter
954 2147 1183 2185 statuimus.
1216 2149 1261 2185 ut
1293 2155 1541 2197 quecunque
1576 2156 1759 2195 persona
1793 2144 2089 2182 ecclesiastica

217 2220 284 2259 uel
319 2218 526 2258 secularis
560 2218 669 2256 hanc
703 2220 888 2256 nostram
929 2214 1279 2255 contii-mationem
1313 2218 1354 2253 et
1387 2214 1709 2253 concessionem
1749 2211 1987 2267 infringere
2020 2211 2088 2252 uel

217 2300 430 2329 euacuare
464 2288 779 2338 presumpserit.
820 2287 927 2326 mille
960 2286 1094 2326 libras
1134 2285 1225 2323 auri
1260 2284 1352 2335 puri
1394 2286 1626 2334 componat.
1670 2294 1842 2335 quarum
1883 2281 2086 2321 medietas

219 2359 336 2398 curie
370 2362 525 2397 nostre.
565 2356 699 2395 altera
732 2367 834 2395 uero
869 2356 1057 2395 iniuriam
1091 2354 1231 2405 passis
1274 2352 1555 2404 persoluatur.
1621 2352 1680 2391 Vt
1713 2355 1849 2391 autem
1882 2350 1963 2389 hec
1996 2353 2088 2389 rata

219 2431 262 2466 et
301 2425 412 2465 firma
451 2426 491 2465 in
538 2429 781 2476 perpetuum
828 2427 1121 2475 perseuerent.
1171 2433 1350 2474 presens
1392 2421 1661 2475 priuilegium
1701 2420 1844 2460 scribi.
1894 2422 1936 2458 et
1976 2418 2088 2457 bulla

220 2506 350 2535 aurea
376 2496 540 2546 typario
574 2498 718 2533 nostre
745 2494 975 2532 maiestatis
1010 2494 1189 2543 impresa
1215 2492 1327 2543 [sic]
1354 2492 1617 2543 precepimus
1648 2489 1899 2530 communiri.
1949 2488 2087 2527 Huius
