2212 2876
972 56 1076 117 ‘53

105 219 149 260 in
181 230 263 272 qua
296 219 435 259 diuino
469 219 573 259 estis
599 218 803 272 obsequio
835 221 1073 275 mancipati,
1098 232 1190 261 cum
1223 220 1413 261 omnibus
1446 220 1584 275 bonis7
1617 232 1698 274 que
1723 221 1765 262 in
1797 233 1981 274 presen-

103 289 253 330 tiarum
285 288 592 329 rationabiliter
630 290 874 344 possidetiS,
915 293 986 329 aut
1018 291 1060 329 in
1100 288 1280 329 futurum
1312 290 1433 330 iustis
1472 290 1617 345 modis,
1652 290 1778 331 dante
1818 291 1981 331 domino

108 359 300 412 poteritis
333 359 525 414 adipisci,
558 359 636 398 sub
670 359 709 398 b.
742 359 860 399 Petri
894 362 937 399 et
968 363 1115 399 nostra
1143 360 1407 410 protectione
1440 360 1705 415 suscipimus,
1738 361 1984 412 specialiter

104 432 244 469 autem
277 430 486 481 Zyretc'tz‚
520 429 771 480 zancowiz,
814 427 993 469 otradiz
1025 431 1065 467 et
1093 427 1339 468 Borkowaz
1371 429 1510 484 villas,
1553 432 1596 469 et
1627 429 1724 485 alia,
1757 441 1839 482 que
1872 430 1983 470 iuste

103 509 155 539 ac
187 496 364 550 pacifice
397 497 641 551 possidetis,
674 498 925 538 auctoritate
953 497 1073 537 vobis
1107 498 1340 549 apostolica
1365 496 1668 553 confirmamus,
1701 501 1744 539 et
1770 500 1983 550 presentis

104 569 253 620 scripti
294 567 527 620 patrocinio
571 568 877 607 communimus.
941 567 1052 607 Nulli
1094 579 1206 622 ergo
1247 568 1410 607 omnino
1452 568 1656 608 hominum
1695 568 1837 623 liceat,
1871 568 1982 608 hanc

103 638 308 692 paginam
340 640 485 677 nostre
518 635 843 676 confirmationis
870 640 912 676 et
943 637 1219 688 protectionis
1251 635 1506 692 infringere7
1531 638 1601 678 vel
1633 638 1673 677 ei
1707 649 1814 677 ausu
1846 642 1982 678 teme-

104 708 220 747 rario
254 707 481 747 contraire.
529 705 579 747 Si
613 707 705 758 quis
741 709 876 745 autem
909 705 990 745 hoc
1014 710 1263 757 attemptare
1298 708 1613 761 presumpserit,
1647 707 1983 761 indignationem

104 776 397 827 omnipotentis
431 775 513 829 dei7
547 778 590 814 et
621 775 838 814 beatorum
873 775 989 814 Petri
1023 780 1064 815 et
1097 775 1233 829 Pauli7
1274 776 1557 827 apostolorum
1590 777 1695 831 eius,
1735 788 1784 817 se
1817 777 1983 817 nouerit

102 847 380 886 incursurum.
443 845 597 884 Datum
630 844 834 884 Laterani
867 845 944 884 111.
977 845 1126 884 Nonas
1159 845 1332 896 Aprilis.
1388 843 1664 885 Pontificatus
1704 847 1837 886 nostri
1871 857 1981 886 anno

103 915 362 956 duodecimo.

416 1035 470 1067 Ex
494 1035 692 1077 originali
718 1034 866 1077 ejusdem
891 1037 1079 1067 monasterii
1103 1037 1133 1067 in
1158 1037 1293 1078 registr.
1318 1046 1346 1068 c.
1371 1047 1397 1068 r.
1422 1035 1591 1068 Gubernii.

952 1226 1138 1266 XLVII.

104 1344 377 1385 Innocentius
424 1356 538 1396 papa
593 1343 682 1383 ΙΙΙ.
730 1342 923 1383 concedit
966 1344 1164 1396 episcopo
1213 1343 1486 1384 Olomucensz'
1539 1343 1806 1397 facultatem,
1854 1357 1982 1384 cruce

101 1415 292 1466 siqnatos
325 1426 351 1453 a
379 1414 531 1466 poenis
564 1414 784 1453 canonicis
824 1412 1081 1453 absolvendi.
1140 1414 1299 1452 Datum
1330 1414 1542 1453 Laterani
1581 1413 1627 1454 If.
1661 1412 1767 1453 Idus
1799 1414 1980 1466 Aprilis,

970 1482 1122 1522 1210.

234 1584 521 1645 Innocentius
561 1604 788 1655 episcopus
829 1614 982 1643 seruus
1023 1614 1241 1642 seruorum
1283 1603 1364 1642 dei.
1428 1603 1679 1644 Venerabili
1723 1602 1839 1644 fratri
1874 1633 1883 1642 .
1918 1633 1928 1642 .
1964 1633 1974 1642 .

107 1673 382 1715 olomucensi
423 1674 637 1724 episcopo.
671 1672 847 1713 salutem
882 1677 923 1712 et
956 1673 1227 1725 apostolicam
1261 1672 1611 1713 benedictionem.
1677 1671 1780 1714 Cum
1813 1685 1888 1724 pro
1922 1672 1980 1712 tui

103 1742 401 1794 Redemptor-is
442 1753 597 1790 amore
623 1742 792 1796 signum
839 1743 980 1781 crucis
1020 1744 1314 1794 assumpseris.
1363 1746 1405 1782 et
1447 1741 1656 1794 proficisci
1697 1742 1899 1794 disponas
1939 1744 1979 1782 in

102 1811 331 1853 subsidium
372 1816 487 1852 terre
534 1816 698 1851 sancte.
739 1813 994 1864 presentium
1042 1812 1115 1852 tibi
1157 1812 1407 1851 auctoritate
1458 1812 1740 1851 concedimus.
1784 1813 1979 1864 quatinus

102 1882 248 1935 siquos
281 1879 425 1921 forsan
465 1881 518 1921 de
551 1882 748 1921 comitatu
788 1885 858 1921 tuo
892 1881 985 1921 dum
1024 1883 1065 1921 in
1098 1886 1247 1921 sancta
1291 1882 1645 1936 peregrinatione
1679 1881 1977 1932 permanseris.

103 1962 159 1992 ex
192 1951 418 1991 iniectione
458 1962 649 1991 manuum
692 1951 733 1990 in
774 1951 955 1991 clericos
997 1951 1182 1991 uiolenta
1222 1951 1263 1990 in
1303 1961 1506 1990 canonem
1548 1950 1753 1990 acciderit
1789 1951 1979 1991 incidere

102 2021 314 2060 sententie
348 2020 628 2074 promulgate.
668 2020 795 2060 liceat
836 2021 909 2060 tibi
943 2031 1019 2060 eos
1059 2019 1288 2060 secundum
1322 2020 1508 2059 ecclesie
1548 2017 1717 2059 sormam
1751 2020 1978 2060 absoluere

102 2089 364 2143 iniungendo
399 2089 502 2140 ipsis
536 2089 644 2142 quod
670 2089 824 2129 talibus
857 2091 1079 2131 consueuit
1110 2090 1288 2144 iniungi.
1319 2090 1398 2128 nisi
1432 2089 1542 2141 quod
1575 2089 1685 2129 absit
1711 2094 1791 2129 tam
1826 2090 1977 2144 grauis

103 2162 147 2198 et
178 2159 359 2198 enormis
393 2156 517 2198 suerit
549 2159 804 2198 subsecutus
838 2170 1062 2199 excessus.
1103 2159 1211 2211 quod
1245 2160 1389 2198 merito
1430 2162 1601 2210 propter
1634 2159 1713 2198 hoc
1747 2159 1800 2198 ad
1833 2159 1978 2198 sedem

103 2227 288 2267 debeant
321 2227 592 2278 apostolicam
625 2228 836 2268 laborare.
900 2229 1052 2270 Datum
1091 2228 1294 2268 Laterani
1337 2228 1390 2266 V.
1423 2227 1523 2267 Idus
1563 2228 1737 2280 Aprilis.
1801 2226 1977 2268 Pontifi-

102 2300 224 2337 catus
257 2297 391 2336 nostri
424 2308 534 2337 anno
569 2297 872 2338 tertiodecimo.

414 2416 469 2449 Ex
492 2418 687 2461 originali
711 2419 742 2450 in
766 2418 904 2451 archivo
928 2418 1062 2460 capituli
1086 2417 1380 2451 olomucensis.
