2212 2876
1067 85 1172 126 296

182 230 336 281 potest,
370 238 450 280 que
485 228 618 268 eidem
650 226 845 278 impertiti
876 224 1089 282 fuerimus,
1125 231 1329 280 perpetua
1362 228 1599 269 tribuantur
1636 231 1722 270 uite
1755 234 1904 271 eterne
1937 243 2053 287 gau-

182 296 340 336 diorum
373 298 543 348 premia.
590 297 799 337 Nouerint
830 297 971 349 itaque
995 300 1222 348 presentes
1256 301 1298 337 et
1328 296 1455 338 futuri
1487 300 1625 339 sciant
1659 301 1830 359 posteri,
1864 301 2054 353 quoniam

181 364 235 405 ad
277 365 476 406 honorem
514 367 595 405 Dei
637 369 679 406 et
717 365 843 406 beate
887 366 1071 420 virginis
1113 367 1254 407 Marie
1296 368 1338 407 in
1380 368 1668 408 Zaburdowiz
1717 370 1902 410 ecclesie
1942 370 2052 410 hanc

180 435 364 489 gratiam
396 435 603 475 libertatis
629 435 669 474 in
704 437 947 486 perpetuum
976 435 1240 476 obtinendam
1273 437 1533 492 contulimus,
1559 441 1600 477 et
1632 438 1833 490 specialis
1861 438 2054 479 beneficii

181 503 289 545 dono
322 504 627 544 inuestiendam
660 504 834 559 dignum
867 504 1074 559 duximus,
1094 517 1190 544 non
1223 507 1404 557 pecunie
1438 507 1616 546 alicuius
1648 518 1821 547 munere
1853 509 2053 562 corrupti,

180 573 251 613 vel
282 573 475 613 nobilium
511 578 752 613 nostrorum.
778 573 987 614 mediante
1029 578 1203 628 rogatu,
1235 574 1314 615 sed
1357 575 1488 615 solius
1522 575 1662 616 diuine
1703 577 1870 628 pietatis
1909 578 2053 632 gratia

179 642 425 697 propulsati,
459 643 696 683 accedente
729 654 860 694 super
892 642 972 683 hoc
1006 642 1149 683 fratris
1182 645 1315 684 nostri
1347 645 1476 685 incliti
1510 646 1633 700 regis
1666 647 1915 686 Boemorum
1948 658 2054 685 con-

179 721 311 750 sensu
344 716 387 752 et
417 702 537 752 mera
565 713 796 767 voluntate,
829 713 898 752 W
901 713 1107 765 encezlay
1140 714 1319 768 nomine,
1345 714 1557 769 uidelicet,
1590 718 1634 755 ut
1666 716 1707 755 in
1741 715 1929 755 omnibus
1962 726 2054 755 eam

177 779 412 821 libertatem
445 781 602 821 habeat
633 781 1039 822 Zaburdowicensis
1073 783 1275 837 ecclesia,
1310 795 1390 836 qua
1424 795 1472 823 se
1506 784 1672 838 gaudet
1704 784 1858 825 donata
1894 784 1957 824 W
1960 784 2053 824 ele-

177 849 404 890 hradensis
430 851 629 890 ecclesia.
677 851 878 891 Libertas
904 855 1056 906 autem,
1082 864 1204 904 quam
1229 853 1461 907 statuimus,
1485 856 1528 892 et
1549 851 1719 893 firmiter
1745 853 2054 894 obseruandam

179 917 458 974 decl-euimUS,
498 920 579 962 hec
620 924 706 960 est:
755 919 911 960 Omnes
952 920 1076 960 villas
1120 924 1162 961 et
1201 923 1517 976 possessiones,
1559 934 1663 974 quas
1704 922 1823 962 modo
1864 923 2054 975 possidet

179 987 572 1030 Zaburdovicensis
606 990 807 1044 ecclesia,
847 989 916 1029 uel
948 991 1064 1041 prius
1097 991 1302 1045 possedit,
1341 991 1410 1031 uel
1444 995 1510 1031 est
1543 1003 1812 1046 possessura,
1846 992 1937 1032 siue
1970 992 2053 1032 sint

179 1057 221 1097 in
253 1058 480 1112 Morawia,
513 1060 606 1098 siue
646 1061 686 1098 in
725 1059 914 1113 Boemia,
955 1060 1239 1111 acquirendas
1278 1061 1348 1099 vel
1388 1060 1635 1115 adquisitas,
1678 1061 1732 1101 ab
1772 1062 1880 1101 omni
1921 1072 2052 1101 onere

177 1126 434 1181 tributorum,
468 1128 756 1182 vectigalium,
781 1128 1065 1182 collectarum,
1100 1128 1413 1180 quatuordecim
1445 1129 1711 1169 denariorum
1743 1130 1797 1169 ad
1823 1131 2052 1182 principem

177 1197 468 1250 spectantium,
502 1208 579 1236 seu
604 1197 656 1237 ad
685 1195 993 1252 beneficiarios,
1022 1200 1064 1237 et
1088 1198 1262 1238 aliarum
1295 1199 1469 1238 omnium
1497 1199 1776 1253 exactionum,
1801 1210 2050 1251 quocunque

175 1266 339 1305 nomine
363 1270 634 1320 censeantur,
653 1277 753 1305 esse
778 1266 996 1306 absolutas
1021 1267 1222 1322 uolumus,
1248 1271 1290 1307 et
1309 1267 1562 1318 presentium
1590 1267 1864 1321 exhibitione,
1889 1267 2049 1307 liberas

176 1346 276 1375 esse
319 1335 598 1390 declaramus,
649 1336 899 1391 adicientes,
941 1339 987 1376 vt
1026 1337 1163 1376 nullus
1203 1348 1502 1376 successorum
1542 1340 1777 1376 nostrorum
1820 1337 2050 1388 principum

175 1408 290 1445 terre
323 1415 401 1456 per
433 1405 630 1444 malorum
670 1405 739 1445 uel
771 1405 973 1445 bonorum
1014 1406 1156 1457 iniqua
1196 1405 1400 1446 seductus
1440 1406 1617 1445 consilia
1659 1406 1712 1445 ad
1753 1406 1943 1445 iniuriam
1982 1406 2048 1445 dei

176 1477 218 1514 et
239 1474 370 1525 ipsius
396 1474 584 1514 ecclesie
619 1474 945 1514 destructionem
980 1475 1232 1514 uoluntatem
1256 1486 1373 1515 suam
1401 1479 1599 1529 apponat,
1625 1486 1714 1514 cum
1742 1474 1823 1514 hoc
1853 1478 2050 1515 statutum

174 1548 361 1583 nostrum
399 1544 442 1583 in
482 1544 797 1584 1‘etribut10nen1
837 1544 891 1584 sit
930 1544 1119 1584 omnibus
1159 1544 1270 1596 apud
1313 1544 1530 1584 dominum.
1625 1544 1775 1584 Nullus
1823 1555 1933 1599 ergo
1974 1556 2048 1596 pro

175 1616 406 1653 castrorum
440 1610 704 1653 edificatione
730 1614 798 1653 uel
822 1611 1138 1653 reedificatione
1172 1625 1250 1653 seu
1283 1613 1526 1665 oppidorum
1560 1612 1788 1653 sorensium
1819 1614 2048 1654 vallatione

174 1683 266 1722 siue
299 1682 530 1722 mul-atione
563 1683 632 1722 uel
665 1683 804 1735 aliqua
838 1684 1071 1737 ingruente
1102 1683 1374 1734 expeditione
1407 1683 1597 1722 homines
1630 1681 1795 1735 prefate
1818 1683 2047 1723 Zaburdo-

174 1752 375 1791 wicensis
398 1751 585 1791 ecclesie
618 1752 773 1791 audeat
805 1753 1055 1804 inquietare.
1101 1752 1183 1793 Jus
1217 1756 1368 1806 autem,
1393 1752 1501 1804 quod
1529 1753 1679 1792 dicitur
1711 1752 1764 1792 de
1797 1754 1950 1807 capite,
1984 1753 2048 1793 eis

175 1821 456 1875 concedimus,
490 1821 571 1860 hoc
612 1821 665 1860 de
706 1819 798 1861 sure
840 1825 1090 1876 statuentes,
1132 1826 1177 1861 ut
1217 1822 1253 1861 si
1297 1821 1591 1872 deprehensus
1631 1820 1757 1862 fuerit
1790 1823 1830 1861 in
1863 1820 1973 1862 furto
2006 1823 2048 1862 in

174 1891 519 1944 possessionibus
539 1891 724 1930 ecclesie
750 1891 912 1931 occulto
935 1891 1005 1930 u‘el
1022 1889 1258 1945 manifesto,
1283 1895 1324 1930 et
1341 1902 1481 1930 coram
1502 1891 1652 1930 iudicio
1671 1892 1889 1931 conuictus
1906 1889 2046 1944 fuerit,

174 1962 284 2001 bona
324 1959 427 2000 suris
471 1960 656 2000 eiusdem
698 1963 944 2000 remaneant
992 1960 1179 2000 ecclesie
1219 1960 1511 2014 integraliter3
1556 1958 1623 2000 sur
1664 1960 1893 2000 secundum
1936 1960 2046 2012 quod

175 2031 380 2082 placuerit
419 2030 594 2081 principi
636 2029 703 2069 uel
742 2027 960 2083 beneficis,
995 2030 1189 2080 puniatur
1230 2029 1298 2069 uel
1338 2029 1598 2069 absoluatur.
1662 2029 1767 2069 Illud
1809 2031 1931 2070 etiam
1966 2030 2044 2081 ius,

175 2099 284 2152 quod
318 2111 392 2150 pro
427 2110 477 2138 eo
511 2099 700 2153 soluitur,
735 2098 843 2151 quod
877 2099 1027 2138 dicitur
1059 2098 1198 2153 Zvod,
1225 2099 1288 2137 eis
1322 2098 1603 2152 indulgemus,
1653 2097 1815 2148 Quodsi
1848 2103 2046 2138 occurrat

175 2171 251 2224 eis,
285 2168 476 2208 iudicium
509 2169 652 2208 subire
678 2169 898 2208 calidentis
931 2166 1033 2208 ferri
1058 2168 1274 2222 manualis,
1308 2179 1520 2208 vomerum
1552 2168 1620 2208 uel
1653 2179 1764 2220 aque
1795 2179 1874 2208 seu
1906 2167 2045 2223 duelli,

175 2243 218 2278 et
256 2250 338 2278 non
377 2236 532 2277 suerint
577 2238 719 2291 adiuti,
760 2239 871 2278 bona
917 2238 1102 2289 ipsorum
1143 2236 1329 2277 ecclesia
1376 2237 1576 2292 obtineat,
1615 2238 1695 2289 ipsi
1734 2240 1884 2291 autem,
1924 2242 2046 2288 prout

176 2311 365 2362 possunt,
413 2307 522 2359 apud
572 2306 868 2348 beneficiarios
916 2319 965 2347 se
1012 2306 1262 2359 expediant3
1309 2306 1361 2346 ab
1412 2317 1462 2346 eo
1510 2310 1660 2360 autem,
1709 2307 1820 2359 quod
1867 2310 2045 2346 uocatur

174 2378 435 2432 Schiztotne,
475 2376 633 2416 liberos
675 2388 773 2418 esse
807 2377 1075 2417 concedimus
1118 2388 1192 2427 pro
1233 2387 1300 2431 eo,
1340 2375 1449 2427 quod
1490 2387 1566 2428 per
1607 2376 1727 2416 deum
1766 2379 1862 2416 sunt
1901 2375 2044 2428 adiuti,

176 2460 257 2487 non
291 2457 366 2498 per
398 2446 616 2486 hominem.
663 2446 733 2486 Ab
766 2447 1038 2486 accusatione
1071 2445 1154 2499 illa,
1182 2445 1290 2498 quod
1324 2445 1458 2485 narok
1492 2445 1655 2499 dicitur,
1684 2449 1725 2485 et
1757 2456 1783 2485 a
1814 2448 2043 2496 pernocta-

175 2517 370 2571 tionibus,
404 2516 514 2569 quod
548 2515 681 2571 vulgo
715 2514 920 2557 nozceleh
945 2515 1193 2570 nominatur,
1227 2514 1453 2555 ecclesiam
1479 2515 1560 2565 iam
1593 2514 1743 2555 dictam
1775 2513 2043 2566 absoluimus,
