2212 2876
1071 82 1280 142 374*—

191 238 268 266 nos
311 225 634 266 considerantes
681 226 811 279 grata
861 227 903 264 et
951 228 1131 276 accepta
1177 224 1362 264 seruicia
1411 222 1587 263 fidelium
1638 224 1786 263 ciuium
1828 228 2062 264 nostrorum

188 296 511 336 Brunnensium.
562 294 692 335 Olrici
716 294 845 347 Nigri
878 297 920 333 et
951 292 1122 333 fratrum
1157 294 1263 347 eius7
1298 304 1379 345 que
1412 297 1557 332 nostre
1585 293 1823 332 celsitudini
1851 293 2062 334 exhibue-

189 368 286 405 runt
317 365 599 417 incessanter,
640 363 743 402 duos
782 375 954 402 mansus
995 364 1036 402 in
1075 364 1233 415 Menis,
1276 366 1318 402 et
1357 362 1462 401 duos
1501 362 1543 401 in
1584 361 1820 401 Pohforeuz
1864 373 1915 402 eo
1957 363 2062 415 iure7

191 446 271 486 quo
315 446 340 473 a
382 432 514 473 fratre
554 436 699 472 nostro
740 432 857 471 clare
896 433 1092 472 memorie
1131 431 1386 472 Marchione
1426 431 1638 471 Morawie
1677 432 1794 482 ipsos
1835 431 1975 483 quiete
2023 435 2065 470 et

190 501 366 555 pacifice
398 501 695 556 possederunt⁷
729 501 782 541 de
807 501 982 552 speciali
1007 501 1151 555 gratia
1185 501 1431 540 contulimus
1461 512 1551 540 cum
1584 501 1673 540 suis
1699 501 1949 554 attinentiis3
1982 511 2063 540 vo-

188 573 326 612 lentes
352 571 522 611 eosdem
550 582 642 610 cum
669 571 757 610 suis
789 570 1019 610 heredibus
1047 570 1390 621 possessionibus
1424 567 1600 620 prefatis
1625 569 1787 620 absque
1812 569 2065 623 grauamine

189 641 375 694 quolibet
408 645 450 680 et
483 640 771 692 impedimento
805 640 1017 694 gaudere.
1080 639 1277 678 Presenti
1310 638 1598 678 nichilominus
1632 641 1868 677 statuentes
1911 637 2064 689 edicto‚

188 722 243 750 ne
268 711 361 763 quis
387 709 588 749 heredum
613 713 685 749 aut
717 720 1014 748 successorum
1040 711 1273 747 nostrorum
1297 708 1407 747 hanc
1441 711 1586 746 nostre
1613 706 1887 746 donacionem
1913 707 2065 747 excel-

187 781 340 834 lencie7
374 790 494 831 quam
528 778 731 830 predictis
764 778 926 817 ciuibus
959 778 1115 817 nostris
1149 780 1191 817 et
1224 788 1366 817 eorum
1407 776 1637 816 heredibus
1678 780 1880 828 perpetuo
1922 776 2065 828 possi·
2116 823 2119 824 ⁷

189 848 367 888 dendam
384 848 653 899 presentibus
681 846 982 901 confirmamus.)
1005 846 1173 886 irritare
1201 846 1369 900 debeat,
1400 849 1471 885 aut
1502 846 1543 884 in
1576 846 1758 897 ipsorum
1793 845 2065 896 preiudicium

190 921 232 958 et
265 928 501 972 grauamen
534 916 589 956 de
620 917 713 967 ipsa
746 917 965 968 quicquam
997 916 1225 969 immutare7
1258 915 1335 954 sed
1369 926 1536 966 semper
1569 915 1701 966 ipsam
1744 917 1877 954 ratam
1916 917 1959 954 et
1997 915 2064 953 in-

188 986 425 1027 uiolabilem
458 989 687 1025 conseruet
725 996 803 1037 per
842 985 992 1039 omnia,
1032 987 1079 1024 vt
1120 988 1188 1024 est
1226 985 1390 1024 iustum.
1453 984 1658 1025 Volumus
1699 984 1831 1023 eciam
1871 986 1914 1023 et
1952 984 2066 1023 irre-

187 1056 437 1096 uocabiliter
469 1055 701 1108 statuimus,
735 1065 788 1094 ne
817 1052 1004 1105 prefatos
1037 1054 1156 1093 ciues
1180 1057 1349 1093 nostros
1377 1054 1594 1105 quisquam
1619 1052 1672 1092 de
1695 1053 1892 1104 personis
1919 1052 2065 1092 eccle-

189 1125 375 1165 siasticis
408 1124 478 1164 vel
511 1123 731 1163 mundanis
764 1124 805 1162 in
839 1123 1182 1174 possessionibus
1215 1123 1450 1175 prenotatis
1483 1122 1698 1176 impedire,
1732 1122 1957 1161 molestare
1995 1121 2064 1161 uel

189 1193 443 1246 perturbare
488 1196 713 1245 presumat.
774 1193 824 1232 In
865 1191 988 1232 huius
1033 1193 1173 1244 itaque
1212 1192 1340 1246 regie
1381 1191 1617 1231 donationis
1660 1195 1703 1230 et
1741 1189 2065 1230 confirmationis

190 1262 465 1316 euidenciam,
514 1262 726 1313 presentis
775 1262 990 1316 priuilegii
1032 1262 1233 1316 paginam
1272 1261 1520 1313 prescriptis
1560 1259 1723 1300 ciuibus
1763 1260 1934 1313 nostris,
1975 1271 2065 1299 cum

188 1332 425 1372 testimonio
459 1331 790 1382 subscriptorum
817 1330 1008 1370 duximus
1041 1329 1339 1384 exhibendam,
1372 1332 1605 1369 nostrorum
1633 1329 1869 1383 sigillorum
1901 1339 2067 1379 appen-

189 1402 312 1441 sione
357 1401 550 1440 munitam
599 1403 644 1440 et
688 1403 894 1452 perpetuo
940 1399 1176 1439 valituram.
1249 1398 1433 1439 Testes:
1485 1398 1747 1449 Ratyborius
1797 1397 1849 1436 de
1895 1396 2065 1437 Deblin.

189 1470 406 1522 Lupoldus
447 1470 665 1521 pincerna.
703 1469 880 1509 Bochko
913 1467 1019 1508 filius
1054 1467 1252 1510 Gerardi.
1290 1468 1500 1519 Rubynus
1539 1466 1670 1506 iudex
1711 1466 1991 1520 Brunnensis,
2024 1470 2068 1506 et

189 1540 259 1580 alii
285 1550 405 1592 quam
431 1539 590 1591 plures.
635 1539 749 1579 Acta
775 1541 872 1578 sunt
896 1538 977 1578 hec
1002 1549 1111 1579 anno
1137 1537 1342 1577 dominice
1358 1536 1661 1576 incarnationis
1686 1535 1748 1575 M.
1768 1533 1857 1577 CC.
1874 1535 2065 1576 XXXX.

187 1619 335 1649 mense
377 1608 593 1663 Augusto⁷
635 1607 863 1648 indictione
903 1608 1023 1647 XIII.
1085 1607 1241 1647 Datum
1279 1607 1469 1661 Brunne,
1507 1606 1549 1645 in
1583 1605 1701 1645 domo
1742 1605 1953 1645 Brunonis
1985 1616 2065 1644 an-

188 1679 306 1732 tiqui7
340 1688 416 1729 per
456 1689 618 1717 manum
651 1677 768 1717 curie
809 1681 954 1718 nostre
987 1678 1140 1717 notarii
1178 1675 1498 1729 Rembothonis7
1530 1686 1656 1729 anno⁷
1694 1685 1840 1715 mense
1880 1677 1922 1714 et
1954 1673 2065 1714 indi-

190 1747 329 1787 ctione
364 1747 625 1798 prescriptis.

503 1816 558 1848 Ex
582 1816 774 1859 originali
797 1816 828 1848 in
852 1815 989 1848 archivo
1013 1825 1043 1847 c.
1066 1825 1092 1848 r.
1117 1815 1225 1847 aulico
1251 1813 1530 1846 vindobonae.

990 1964 1277 2008 CCCXXVI.

326 2024 589 2098 Gregorius
623 2056 732 2096 papa
765 2045 843 2085 IX.
875 2044 1089 2084 universis
1123 2044 1400 2085 ecclesiarum
1434 2042 1624 2095 prelatis7
1658 2040 1852 2096 regibus7
1883 2043 1925 2080 et
1947 2041 2066 2092 prin-

193 2113 357 2164 cipibus
401 2114 539 2164 (inter
579 2125 685 2166 quos
726 2115 850 2153 etiam
889 2124 972 2153 rex
1003 2106 1204 2153 Boemiae
1245 2117 1373 2164 atque
1415 2111 1710 2152 Olomucensis
1748 2113 1790 2150 et
1822 2109 2065 2164 Pragensis

194 2183 379 2233 episcopi
412 2182 696 2233 nominantur]
723 2183 866 2223 indicit
898 2182 1116 2222 concilium
1148 2182 1202 2222 ad
1227 2178 1374 2222 festum
1406 2180 1754 2220 Resurrectionis
1788 2179 1938 2219 domini
1963 2191 2066 2231 pro-

193 2252 303 2291 xime
335 2254 568 2291 venturum.
631 2253 784 2292 Datum
818 2252 928 2304 apud
962 2250 1148 2303 Criptam
1189 2250 1404 2304 ferratam,
1438 2250 1491 2289 V.
1524 2249 1626 2290 Idus
1658 2249 1865 2303 Augusti⁷
1911 2247 2064 2288 1240.

316 2320 435 2360 Idem
466 2320 668 2360 indicitur
700 2320 851 2360 iisdem
876 2321 1063 2361 secunda
1095 2322 1187 2360 vice
1215 2332 1298 2373 pro
1321 2319 1467 2360 eodem
1499 2319 1688 2358 termino.
1735 2318 1809 2358 Dt.
1841 2318 2064 2369 Laterani,

194 2389 342 2429 Idibus
378 2389 586 2441 Octobris,
626 2390 778 2430 1240.

510 2458 728 2501 Palacky’s
759 2459 861 2490 Reisc
890 2468 968 2502 pag.
993 2457 1057 2491 28.
1085 2478 1129 2484 -
1159 2468 1177 2492 e
1200 2459 1385 2502 chesto
1418 2457 1614 2500 Gregorii
1642 2465 1776 2499 papae
1804 2455 1867 2489 IX.
1890 2455 1946 2489 lib.
1969 2455 2064 2488 XIV.

611 2512 772 2553 epistolae
795 2510 877 2544 270
901 2515 933 2544 ct
955 2510 1047 2544 282.
