2212 2876
974 102 1073 144 125

91 248 303 288 Henricus
344 246 463 286 ducis
496 247 654 286 austrie
688 247 1011 297 protonotarius.
1051 245 1337 297 Marquardus
1368 245 1608 297 prepositus
1647 244 1694 287 S.
1727 245 1955 297 Hippolyti.

91 317 301 356 Bauarus.
327 316 534 366 Budiuoy.
559 316 755 354 Borsuta.
781 316 949 355 Jaross.
973 315 1038 354 W
1044 316 1137 354 itco.
1168 314 1383 354 Henricus
1414 312 1547 354 frater
1571 314 1675 354 eius.
1702 315 1955 354 Bohuslaus.

91 384 372 427 Swatoslaus.
404 384 627 426 Sulislaus.
660 383 811 423 Holak.
844 384 1021 423 Diwiss.
1054 383 1240 423 barones
1272 383 1458 422 Boemie.

402 496 432 529 E
464 498 581 538 copia
610 506 679 528 sec.
705 496 799 528 xvl.
823 514 866 519 —
889 495 1058 527 Excusum
1082 494 1260 526 dederunt:
1291 494 1502 527 Pontanus
1526 491 1589 526 62.
1614 496 1647 527 et
1669 492 1733 527 87.
1757 494 1955 526 Balbinus

507 549 565 580 VI.
589 547 651 580 51.
676 550 707 580 et
731 548 795 580 alii.
819 566 862 571 —
885 546 955 580 Ori
963 547 1102 589 ginalc
1125 549 1231 589 ipsum
1254 548 1287 579 in
1309 546 1402 579 arch.
1426 548 1524 589 capit.
1546 546 1729 589 Pragensis
1753 549 1956 578 asservatur.

943 723 1105 766 CXXI.

92 828 316 868 Honorius
346 840 460 880 papa
492 828 580 867 111.
614 827 964 879 archiepiscopi‘s‘,
998 827 1209 879 episcopis
1251 829 1291 865 et
1320 826 1419 865 aliis
1451 826 1727 866 eeclesiarum
1756 826 1960 878 praelatis

139 896 426 949 defensionem
456 897 780 949 pririleyiormn
813 896 977 935 ordinis
1012 895 1308 936 cisterciensis
1341 896 1535 947 injungit.
1600 896 1673 935 Dc.
1706 896 1915 935 Laterani

656 965 781 1005 XIV.
817 965 919 1005 Kal.
954 964 1199 1015 Februarii,
1240 964 1391 1004 1222.

185 1059 461 1119 ·Honorius
511 1077 736 1127 episcopus
780 1088 933 1116 seruus
981 1088 1198 1115 seruorum
1238 1075 1319 1114 dei.
1384 1075 1716 1115 Venerabilibus
1756 1073 1956 1114 fratribus

94 1145 427 1197 archiepiscopis
461 1150 502 1184 et
531 1147 757 1198 episcopis7
794 1146 956 1184 dilectis
993 1144 1084 1184 filiis
1116 1145 1210 1184 aliis
1243 1144 1519 1184 ecclesiarum
1552 1145 1741 1197 prelatis.
1775 1144 1828 1183 ad
1855 1155 1960 1195 quos

92 1215 230 1255 littere
264 1215 344 1254 iste
370 1216 656 1265 peruenerint.
689 1215 863 1254 salutem
898 1219 940 1254 et
972 1214 1244 1265 apostolicam
1270 1213 1627 1253 benediccionem.
1674 1211 1961 1252 Bencsaciens

91 1283 278 1323 dominus
321 1283 441 1322 bonis
483 1287 525 1322 et
568 1285 696 1322 rectis
736 1283 865 1323 corde
906 1283 1083 1322 dilectos
1128 1281 1232 1322 filios
1266 1281 1423 1322 fratres
1458 1281 1761 1324 Cisterciensis
1802 1281 1960 1320 ordinis

92 1353 135 1392 in
167 1353 234 1391 uia
269 1352 553 1391 mandatorum
587 1354 678 1391 eius
704 1352 904 1391 inoffense
938 1356 1175 1404 currentes,
1209 1356 1411 1403 tamquam
1439 1352 1627 1403 populum
1660 1350 1962 1402 acceptabilem

93 1421 171 1460 sibi
206 1433 376 1460 munero
419 1425 460 1460 et
493 1422 638 1460 merito
673 1422 894 1473 ampliauit,
935 1423 1083 1472 eisque
1118 1422 1169 1459 de
1214 1432 1310 1460 rore
1351 1421 1431 1459 celi
1472 1424 1514 1459 et
1552 1424 1667 1459 terre
1700 1419 1961 1474 pinguedine

92 1489 354 1529 benedicens
379 1490 567 1528 dilatauit
592 1490 722 1529 locum
750 1491 913 1529 tentorii
944 1489 1129 1529 eiusdem
1160 1489 1317 1528 ordinis
1343 1493 1384 1528 ct
1410 1490 1542 1541 pelles
1569 1488 1963 1528 thabernaculorum

97 1559 189 1598 eius
237 1558 438 1597 extendit.
502 1558 589 1598 Sed
642 1559 750 1610 quod
791 1559 982 1598 dolentes
1030 1557 1248 1598 referimus
1291 1559 1332 1598 in
1378 1559 1446 1598 uia
1487 1558 1580 1611 hac.
1631 1570 1712 1609 qua
1752 1557 1962 1597 ambulant

94 1627 280 1678 superbi7
321 1631 468 1666 contra
509 1638 584 1667 eos
624 1628 799 1679 laqueos
841 1627 1135 1681 extendentes,
1169 1639 1300 1678 ymmo
1340 1627 1454 1666 uelut
1487 1631 1700 1666 torrentes
1734 1625 1961 1678 iniquitatis

95 1697 306 1735 irruentes
342 1696 380 1734 in
415 1706 490 1734 eos
525 1697 637 1746 ipsos
672 1697 792 1735 bonis
826 1698 928 1749 suis„
963 1707 1043 1748 que
1083 1697 1162 1735 soli
1196 1696 1357 1735 domino
1397 1700 1495 1735 sunt
1528 1696 1682 1748 dicata.
1716 1707 1798 1735 non
1832 1695 1961 1734 solum

98 1765 290 1816 nequiter
324 1762 591 1817 defraudare7
626 1776 714 1804 cum
745 1763 812 1804 tilii
846 1765 966 1804 huius
999 1766 1133 1804 seculi
1161 1765 1455 1815 prudentiores
1489 1763 1579 1804 tiliis
1614 1765 1717 1803 lucis
1744 1765 1784 1803 in
1818 1774 1961 1818 gene-

101 1834 270 1872 racione
304 1845 380 1872 sua
405 1834 500 1885 sint,
534 1829 675 1872 uerum
703 1835 833 1872 eciam
860 1835 1073 1885 iniquitate
1107 1838 1299 1885 potentes
1324 1834 1529 1873 uiolenter
1552 1834 1736 1884 spoliare
1764 1834 1960 1886 nituntur,

102 1907 143 1942 et
176 1902 284 1953 quod
309 1902 490 1955 grauius
524 1907 603 1955 est„
632 1914 712 1941 non
748 1903 844 1942 nulli
872 1903 923 1941 de
949 1903 1041 1955 hiis.
1069 1904 1137 1954 qui
1171 1914 1246 1941 eos
1281 1903 1515 1941 debuerunt
1548 1903 1588 1940 in
1623 1901 1781 1942 Christi
1814 1901 1960 1940 visce-

101 1970 216 2009 ribus
250 1971 391 2009 carius
431 1971 661 2021 amplexari
695 1975 736 2010 et
770 1969 1040 2011 sauorabilius
1082 1969 1323 2024 confouere,
1358 1972 1471 2022 ipsos
1505 1970 1765 2010 inhumanius
1806 1980 1958 2020 perse-

101 2044 278 2091 quentes
319 2039 562 2093 priuilegia,
605 2050 685 2090 que
725 2040 827 2090 ipsis
867 2052 892 2079 a
933 2040 1037 2079 sede
1080 2040 1311 2090 apostolica
1350 2041 1438 2078 suis
1480 2039 1759 2093 exigentibus
1802 2039 1959 2078 meritis

98 2111 195 2146 sunt
244 2107 414 2161 indulta,
464 2109 657 2161 gestiunt
700 2109 863 2159 penitus
913 2120 1137 2161 eneruare7
1186 2108 1378 2161 dicendo7
1427 2109 1494 2148 illa
1537 2107 1668 2147 fuisse
1716 2108 1878 2146 omnino
1919 2108 1960 2146 in

98 2176 296 2229 generali
336 2176 512 2215 concilio
546 2182 759 2229 reuocata,
803 2178 870 2216 uel
904 2178 1009 2216 alias
1049 2177 1300 2215 intellectum
1334 2177 1650 2231 priuilegiorum
1690 2177 1869 2227 ipsorum
1904 2177 1960 2215 ita

98 2244 285 2297 maligna
324 2244 678 2294 interpretacione
720 2245 773 2284 ad
820 2246 973 2285 libitum
1016 2245 1311 2298 pret-ueniendo7
1352 2246 1462 2296 quod
1503 2247 1578 2284 nisi
1622 2257 1669 2284 os
1713 2246 1853 2296 iniqua
1893 2245 1958 2284 lo-

98 2312 316 2363 quencium
349 2312 601 2365 obstruatur,
635 2314 689 2352 nil
723 2318 868 2367 restet7
908 2316 1006 2365 quin
1038 2314 1213 2365 predicti
1255 2311 1408 2352 fratres
1443 2314 1758 2367 priuilegiorum
1792 2325 1960 2352 suorum

99 2392 208 2432 pene
251 2381 416 2431 penitus
456 2379 592 2420 fructu
640 2380 908 2435 frustrentur7
948 2394 1025 2433 per
1065 2382 1172 2433 quod
1217 2382 1271 2420 illi
1313 2394 1394 2420 non
1434 2387 1514 2422 tam
1547 2383 1704 2421 eisdem
1745 2380 1958 2435 fratribus,

100 2461 219 2500 quam
253 2449 373 2488 nobis
413 2450 599 2488 iniuriari
633 2451 876 2503 probantur,
910 2451 1003 2490 dum
1045 2455 1192 2489 contra
1232 2450 1347 2489 sedis
1388 2451 1619 2501 apostolice
1660 2451 1958 2503 indulgencias

100 2522 345 2558 memoratas
387 2516 541 2557 fratres
580 2522 737 2558 temere
779 2519 1027 2569 perturbare
1077 2522 1331 2571 presumunt,
1371 2519 1587 2559 molientes
1628 2524 1770 2558 contra
1814 2523 1958 2558 nostre
