2212 2876
1053 104 1157 146 276

170 259 354 296 nostrum
387 251 700 293 Wencezlaum
732 248 902 288 nomine
928 250 1134 299 quatenus
1167 245 1466 297 possessiones
1500 247 1542 284 et
1575 245 1709 284 omnia
1742 246 1834 285 iura
1866 256 1918 285 ea
1952 255 2034 298 que

171 329 315 365 nostra
349 334 463 362 mera
496 318 746 361 liberalitate
780 317 1066 371 concessimus
1099 315 1338 354 monasterii
1371 314 1646 365 prenominati
1680 315 1929 354 auctoritate
1956 326 2035 354 sua

169 394 317 448 Regia
351 391 604 447 dignaretur
628 385 882 446 *confirmare
906 384 1012 437 quod
1048 388 1089 437 et
1120 384 1211 434 ipse
1240 383 1294 422 ad
1327 382 1526 422 honorem
1559 382 1628 421 dei
1659 386 1703 421 et
1735 383 1860 422 beate
1892 382 2033 422 Marie

169 466 395 518 gratanter
428 458 530 517 fecit
553 461 594 497 et
613 457 680 517 *ad
712 456 833 511 huius
859 456 919 493 rei
952 453 1226 493 testimonium
1259 451 1444 505 sigillum
1469 463 1585 490 suum
1616 452 1823 501 apposuit.
1864 451 1920 490 Et
1951 450 2034 490 hec

170 536 266 571 sunt
306 527 635 586 x⁷e1·l›a,.Regis.
705 525 806 578 Ego
847 522 1145 562 XVencezlaus
1184 521 1283 560 Rex
1314 521 1487 574 Boemie
1528 523 1700 571 quartus
1741 519 1795 558 ad
1828 520 2035 559 carissimi

169 599 312 640 fratris
353 597 485 636 nostri
524 595 772 646 peticionem
812 591 989 646 ingenui
1029 589 1295 630 Marchionis
1334 588 1532 628 Moravie
1571 588 1751 628 Premizl
1790 588 1954 627 nomine
1991 589 2035 627 in

169 680 306 709 rerum
333 665 660 717 prescriptarum
692 661 967 701 testimonium
999 663 1144 699 nostre
1171 658 1414 697 serenitatis
1441 657 1625 711 sigillum
1658 659 1924 708 apposuimus
1951 656 2035 696 tale

168 738 345 777 bannum
370 736 603 773 statuentes
631 735 674 770 ut
699 731 934 782 quicunque
961 732 1080 779 septa
1109 728 1348 766 monasterii
1375 727 1582 765 uiolenter
1609 726 1826 765 intraucrit
1851 725 1918 764 uel
1943 725 2034 764 iura

167 805 357 857 predicta
383 804 499 842 uisus
532 799 657 840 fuerit
691 810 901 838 eneruare
935 801 1128 849 potenter
1161 797 1228 835 uel
1262 794 1549 835 fraudulenter
1574 798 1792 845 componat
1818 795 1859 833 in
1892 805 2035 833 came-

168 887 255 914 ram
289 872 462 912 fratris
472 867 603 910 nostri
636 869 900 909 Mar-(hienis
941 867 1137 907 Morauie
1178 869 1220 904 et
1259 876 1553 904 successorum
1587 852 1753 902 suorum
1794 863 1836 902 X
1869 874 2035 902 marcas

169 944 272 982 auri.
336 942 517 991 Insuper
550 940 794 992 rogauimus
838 935 1122 975 venerabilem
1157 938 1314 985 patrem
1350 938 1532 972 nostium
1562 932 1773 971 ‚dominum
1806 931 2035 971 Robertum

171 1012 488 1051 Olomucensem
524 1009 764 1059 episcopum
789 1006 895 1057 quod
931 1006 970 1043 in
995 1005 1116 1043 huius
1151 1004 1211 1042 rei
1235 1003 1507 1041 testimonium
1540 1001 1636 1040 huic
1664 1002 1825 1054 pagine
1851 1000 2036 1054 sigillum

169 1093 285 1119 suum
328 1081 560 1129 apponeret
601 1076 708 1127 quod
761 1078 802 1114 et
844 1072 954 1113 fecit
1018 1073 1073 1111 Et
1111 1072 1190 1111 hoc
1232 1072 1362 1110 eciam
1396 1071 1614 1122 petiuimus
1655 1069 1800 1120 quodsi
1850 1070 2034 1108 barones

169 1148 313 1200 nos-tri.
346 1147 414 1185 vel
455 1147 602 1184 milites
643 1144 712 1183 vel
746 1143 969 1194 populares
1011 1145 1154 1180 nostra
1189 1138 1424 1193 Priuilegia
1464 1139 1621 1178 vellent
1660 1137 1883 1188 aliquando
1918 1139 2034 1176 inso-

170 1218 306 1256 lenter
346 1215 508 1254 violare
556 1217 597 1252 et
645 1212 828 1251 indebite
870 1214 1076 1262 quatenus
1124 1210 1215 1260 ipse
1264 1208 1353 1247 iure
1403 1207 1696 1246 ecclesiastico
1740 1206 2035 1245 ecclesiastica

173 1285 383 1325 sententia
417 1283 682 1334 percelleret.
716 1281 905 1319 Eandem
938 1279 1242 1319 Auctoritatem
1270 1277 1358 1316 suis
1391 1275 1665 1327 relinquendo
1698 1275 2034 1314 successoribus.

171 1354 279 1404 Quia
313 1352 504 1403 quicquid
529 1362 719 1402 umquam
752 1349 990 1388 stabilitatis
1018 1350 1155 1398 potest
1188 1345 1283 1385 illud
1310 1345 1601 1383 monasterium
1635 1345 1839 1394 consequi
1872 1344 1923 1382 ad
1958 1354 2034 1382 sue

169 1422 477 1473 tranquillitatis
511 1419 816 1459 firmamentum.
850 1418 943 1456 Hoc
978 1420 1043 1455 est
1076 1419 1219 1454 nostre
1259 1414 1484 1452 uoluntatis
1518 1416 1559 1452 et
1592 1414 1671 1451 erit
1704 1413 1744 1451 in
1778 1417 2034 1463 perpetuum.

169 1491 414 1532 Addidimus
448 1490 569 1529 etiam
601 1489 738 1528 uillam
772 1486 976 1538 quandam
1005 1484 1197 1524 Lukowe
1231 1484 1393 1522 nomine
1427 1493 1518 1520 cum
1551 1473 1739 1520 omnibus
1772 1480 2035 1532 appendiciis

171 1562 259 1600 suis
293 1560 346 1598 ad
378 1571 481 1598 usus
516 1558 687 1597 claustri
717 1555 991 1607 prenominati
1026 1555 1144 1594 cuius
1177 1553 1217 1591 in
1250 1552 1399 1591 ultimis
1433 1549 1605 1590 fecimus
1645 1550 1904 1589 mentionem.
1938 1549 2036 1600 quia

170 1629 347 1683 nonduin
382 1631 472 1666 erat
504 1627 729 1665 uoluntatis
763 1629 906 1663 nostre
941 1635 1029 1662 eam
1064 1622 1119 1660 illi
1153 1622 1336 1660 claustro
1371 1621 1595 1673 asignare.
1651 1618 1854 1657 Volumus
1887 1622 2034 1656 autem.

172 1698 277 1750 quod
307 1697 374 1736 illa
399 1696 495 1734 uilla
524 1695 683 1733 seruiat
715 1693 899 1732 claustro
925 1691 1058 1731 eidem
1091 1691 1278 1729 similiter
1303 1693 1343 1728 et
1370 1689 1466 1727 uille
1495 1690 1573 1727 iste
1598 1687 1821 1738 Kapenicli
1845 1685 2035 1726 Cbeiclie

171 1772 212 1807 et
244 1765 441 1805 Knenicli
482 1775 586 1815 quas
626 1766 757 1801 mater
799 1765 943 1800 nostra
985 1760 1097 1799 dedit
1140 1759 1271 1798 eidem
1313 1758 1496 1797 claustro
1537 1757 1614 1796 sub
1656 1757 1760 1795 omni
1802 1756 1894 1794 iure
1932 1766 2035 1806 pre-

171 1837 327 1886 scripto
371 1838 413 1873 et
452 1833 557 1872 omni
599 1829 759 1882 prefata
802 1830 993 1884 gaudeat
1034 1829 1242 1867 libertate.
1308 1827 1455 1865 'Potum
1495 1829 1630 1865 autem
1672 1825 1751 1864 lioc
1786 1822 1935 1863 sactum
1970 1826 2036 1863 est

170 1904 434 1945 Auctoritate
475 1900 617 1940 fratris
667 1900 799 1939 nostri
843 1897 1101 1938 Wencezlai
1150 1896 1321 1936 illustris
1371 1896 1513 1949 Regis
1554 1896 1814 1934 Boemorum.
1878 1893 2034 1932 Testes

171 1978 307 2012 autem
342 1974 380 2010 in
415 1983 584 2022 (plorum
619 1969 843 2020 presencia
876 1967 956 2006 hec
997 1967 1107 2005 Acta
1141 1970 1248 2004 sunt.
1283 1968 1377 2003 sunt
1412 1965 1479 2003 liii.
1514 1964 1581 2002 De
1615 1964 1786 2002 Boemia
1820 1962 2034 2001 Arnoldus

171 2042 409 2093 prepositus
446 2038 847 2091 wissegradensis.
888 2035 1102 2076 Arnoldus
1136 2035 1268 2074 abbas
1302 2034 1605 2072 'menenensis
1647 2032 1867 2071 Florianus
1901 2031 2034 2069 abbas

170 2109 394 2149 Lucensis.
424 2108 632 2148 Gen-lacus
657 2107 790 2146 abbas
817 2105 1133 2146 Gradiscensis.
1159 2103 1335 2142 Nobiles
1360 2102 1412 2141 de
1434 2102 1604 2141 Boemia
1627 2100 1841 2140 Zdezlaus
1868 2099 2034 2138 Kostka

172 2178 427 2217 camerarius
460 2177 614 2229 Regis.
647 2175 776 2214 Vitko
811 2175 965 2212 senior.
1000 2172 1126 2211 Vitko
1161 2172 1307 2211 iunior.
1342 2171 1471 2209 vitko
1507 2169 1610 2208 tilius
1645 2170 1848 2208 Heinrici.
1883 2168 2034 2206 Breci-

173 2247 291 2286 zlaus
333 2244 464 2284 l'rater
504 2244 707 2284 Cliirnini.
751 2242 976 2282 Budizlaus
1017 2239 1122 2280 tilius
1162 2240 1360 2291 yaroslai.
1400 2239 1632 2278 Nicliolaus
1674 2236 1778 2276 tilius
1820 2236 2035 2290 Bogutlw7‘

173 2314 361 2355 Boi-utha
389 2312 491 2352 lilius
510 2302 709 2351 Borutlie.
735 2313 937 2352 Albertus
963 2310 1014 2349 de
1034 2310 1208 2350 Sliwen.
1233 2307 1456 2348 Conradus
1475 2308 1734 2361 bui-grauius
1759 2306 1810 2344 de
1829 2305 2034 2346 zwekow.

173 2385 326 2423 Jewan
361 2380 466 2420 tilius
501 2380 695 2421 (flussne.
730 2380 918 2419 llotebor
952 2377 1055 2417 lilius
1084 2378 1347 2416 llotlieborii.
1382 2377 1568 2416 'laezema
1602 2388 1690 2415 cuni
1724 2373 1853 2413 fratre
1888 2374 2035 2412 Milota

176 2451 240 2491 lilii
265 2452 424 2491 Milato.
455 2451 695 2489 Zobezlaus
722 2448 823 2487 lilius
853 2448 1026 2487 Odolen.
1055 2446 1293 2486 zbrazlaw
1319 2446 1614 2496 subpincerna.
1640 2444 1815 2482 Nobiles
1842 2442 2035 2481 Mon-aute

176 2521 294 2559 liuius
338 2521 397 2559 rei
440 2519 493 2558 liii
533 2523 665 2557 testes
706 2523 812 2557 sunt„
854 2516 1120 2557 Swatozlaus
1162 2514 1265 2556 lilius
1307 2515 1523 2554 willalmi.
1564 2513 1757 2564 Ratybor
1798 2523 1885 2550 cuni
1930 2508 2033 2553 tiliis.
