2212 2876
1019 101 1127 141 244

966 241 1171 285 CCXXI.

132 347 395 396 Constantia,
418 344 568 395 reyina
592 341 810 392 Bomitae,
840 351 934 379 cum
955 339 1046 392 filio
1072 338 1289 390 Premysl,
1316 336 1564 377 marchione
1586 338 1826 389 Mor-aviae,
1850 337 2010 378 donant

191 415 448 456 monasterio
481 411 539 452 ad
569 424 602 450 s.
637 411 817 450 Petrum
851 408 1063 449 Olomucz‘z'
1095 411 1251 447 terram
1283 408 1329 447 in
1360 401 1662 447 Dro'zdowice.
1719 406 1870 446 Actum
1902 408 1946 447 in

603 480 794 530 Olomuc,
828 478 935 518 XII.
969 477 1072 518 Kal.
1106 476 1351 528 Februarii,
1391 474 1544 516 1233.

261 555 322 616 ln
354 561 517 613 nomine
544 573 694 611 sancte
726 570 937 609 trinitatiS.
985 568 1138 607 Notum
1170 567 1223 606 sit
1249 567 1461 606 uniuersis
1485 570 1566 606 tam
1591 566 1863 618 presentibus
1887 578 2006 620 quam

129 644 277 685 suturis
319 644 558 694 presentem
601 639 806 694 'paginam
847 638 1101 689 inspecturis
1150 635 1260 688 quod
1303 636 1404 690 Ego
1455 634 1713 676 constancia
1761 635 1830 675 dez·
1864 638 2007 688 qratia

128 714 299 765 Reyina
337 711 542 752 Boemiae
582 712 622 749 el
652 708 850 748 Premizl
884 708 1001 760 filius
1033 718 1151 746 meus
1191 704 1337 744 eadem
1372 705 1527 757 gracia
1566 704 1768 745 Mare-laio
1809 706 2007 745 Moravz‘e

128 795 299 824 mecum.
334 792 408 833 pro
441 778 625 819 remedio
666 778 892 817 animarum
926 781 1162 816 nostrarum
1196 779 1238 814 et
1271 774 1622 826 predecessorum
1661 778 1896 814 nostrorum
1929 774 2008 814 de-

128 853 237 893 uotis
270 849 511 905 uirginibus
540 849 655 888 circa
679 847 905 887 ecclesiam
929 846 1066 885 sancta·
1090 845 1214 884 Petri
1238 845 1281 883 ἰη
1305 843 1486 884 olomuz
1513 841 1685 884 Christo
1713 842 2008 884 famulantibus

128 926 285 962 terram
313 920 364 959 ad
400 921 583 958 castrum
609 915 888 957 Gradecense
922 916 1199 966 pertinentem
1227 914 1269 953 in
1301 913 1413 952 willa
1440 924 1522 965 que
1556 913 1707 953 dicitur
1731 912 2006 953 Drozdowic.

128 990 372 1031 contulimus
406 989 497 1027 iure
529 986 788 1026 hereditario
823 986 865 1024 in
888 987 1132 1036 perpetuum
1168 981 1343 1034 pacifice
1377 983 1687 1033 possidendam.
1740 982 2007 1034 Pauperibus

129 1071 259 1112 super
290 1057 458 1099 fundum
492 1055 719 1096 earundem
760 1055 802 1094 in
835 1054 1025 1105 predicta
1056 1053 1171 1092 willa
1204 1052 1489 1092 residentibus
1530 1052 1706 1091 eandem
1743 1063 1861 1104 quam
1897 1052 2009 1092 wille

130 1129 398 1171 olomucensi
430 1126 706 1178 Episcopatui
745 1124 973 1175 antiquitus
1008 1123 1158 1162 collate
1198 1121 1356 1161 habent
1388 1121 1512 1172 plene
1554 1124 1596 1161 et
1638 1122 1829 1161 absolute
1870 1122 2009 1161 indul-

128 1203 289 1255 gentes
319 1198 567 1237 libertatem.
615 1194 710 1234 Hec
743 1197 881 1233 autem
908 1191 1082 1232 fecimus
1114 1191 1293 1231 Alberto
1319 1190 1446 1230 nobili
1470 1191 1564 1230 viro
1597 1191 1666 1243 qui
1690 1194 1788 1230 tunc
1813 1189 2010 1232 Castrum

130 1268 412 1310 Gradecense
444 1265 619 1316 tenebat
651 1267 693 1304 et
725 1263 778 1303 ad
813 1273 933 1315 quem
973 1262 1138 1301 ratione
1172 1260 1303 1300 castri
1336 1259 1448 1299 dicta
1487 1262 1604 1299 terra
1638 1260 1878 1311 pertinebat
1911 1261 2008 1299 exi-

129 1342 269 1378 stente
302 1338 505 1388 presente
539 1337 581 1373 et
613 1333 709 1372 huic
743 1336 889 1372 nostre
923 1330 1143 1370 collacioni
1169 1329 1407 1369 beniuolum
1439 1329 1645 1380 prebente
1679 1339 1933 1368 consensum
1969 1332 2011 1369 et

130 1406 331 1448 fauorem.
394 1405 450 1445 Et
490 1406 536 1443 ut
574 1406 720 1442 nostra
761 1401 995 1441 elemosina
1042 1399 1207 1439 stabilis
1251 1402 1293 1438 et
1333 1402 1428 1438 rata
1470 1401 1727 1450 permaneat.
1769 1402 2009 1449 presentem

130 1481 290 1518 cartam
323 1475 559 1529 sigillorum
598 1475 833 1512 nostrorum
868 1470 1088 1510 munimine
1132 1467 1306 1508 fecimus
1340 1468 1546 1507 roborari.
1610 1468 1746 1507 Huius
1781 1468 1842 1507 rei
1875 1471 2010 1508 testes

130 1550 238 1588 sunt.
273 1544 421 1585 Woch
448 1543 722 1583 camerarius.
755 1540 922 1580 Holach
950 1539 1215 1590 purcrauius.
1248 1537 1415 1577 Prebor
1439 1536 1579 1576 iudex.
1605 1536 1733 1576 Ones.
1759 1536 2009 1578 Semizlaus.

129 1617 309 1669 Spitata.
342 1614 532 1655 Slauata.
566 1612 728 1652 Mztata
763 1610 981 1650 castellani
1016 1608 1333 1649 olomucenses.
1366 1606 1589 1646 Johannes
1625 1607 1826 1646 decanus.
1860 1607 2011 1647 Rado-

131 1686 263 1726 zlaus.
311 1682 637 1723 archidiaconus
685 1679 989 1721 olomucensis.
1038 1678 1217 1728 Moyses
1261 1676 1585 1716 archidiaconus
1636 1676 2008 1715 Brecizlauiensis.

130 1755 334 1795 Nicolaus
368 1751 695 1792 archidiaconus
720 1750 970 1789 Brunensis.
1002 1749 1192 1788 Alexius.
1219 1747 1447 1786 llenricus.
1473 1746 1665 1784 canonici
1692 1745 2011 1785 Olomucenses.

129 1825 282 1865 Actum
321 1823 363 1862 in
404 1821 587 1861 Olomuz.
628 1820 726 1860 XII.
766 1817 987 1857 Kalendas
1027 1817 1265 1857 Februarii.
1306 1827 1418 1855 anno
1459 1814 1663 1855 dominice
1696 1815 2010 1854 incarnacionis

130 1893 353 1934 Millesimo
387 1888 476 1932 CC.
508 1890 654 1930 XXX.
686 1888 763 1928 ΙΙΙ.

445 1981 499 2014 Ex
524 1980 722 2024 originali
745 1980 776 2011 in
800 1978 936 2011 archivo
962 1978 1096 2020 capituli
1121 1975 1422 2009 olomucensis.

960 2127 1185 2171 CCXXII.

139 2229 400 2280 constancia,
449 2229 599 2279 regina
646 2227 864 2278 Boemiae,
913 2228 951 2265 ct
990 2222 1205 2277 Premysl⁹
1247 2222 1440 2263 nun-cloio
1480 2223 1718 2272 Morsu-iae,
1761 2221 2014 2274 confirmant

202 2298 361 2356 civibus
395 2297 447 2336 de
480 2296 773 2337 Freudentlml
802 2295 1074 2348 privileyium
1109 2292 1286 2334 Olalmri
1326 2291 1376 2331 ab
1410 2303 1521 2331 anno
1558 2291 1701 2331 1213.
1765 2291 1872 2330 Acta
1905 2292 1949 2330 in

665 2366 857 2416 Olomuc,
891 2376 1034 2404 mense
1065 2363 1295 2414 damnaria,
1336 2361 1488 2401 1233.

233 2510 235 2513 Ι
273 2439 332 2500 In
365 2458 528 2497 nomine
561 2458 710 2496 sancte
745 2459 786 2495 et
819 2454 1030 2494 indiuidue
1063 2454 1271 2493 trinitatis.
1335 2452 1437 2506 Ego
1472 2448 1726 2491 Constantia
1760 2449 1827 2489 dei
1859 2449 2002 2504 gratia

135 2530 290 2584 regina
338 2528 509 2568 Boemie
557 2529 598 2566 et
637 2525 835 2566 Premizl
873 2522 977 2563 filius
1018 2534 1134 2562 meus
1181 2522 1326 2568 eadem
1377 2521 1517 2575 gratia
1560 2519 1752 2559 march-io
1791 2518 2003 2558 Morauie.
