2212 2876
1082 73 1156 114 40

178 221 462 273 prohibemus.
525 219 586 259 Vt
625 221 763 258 autem
804 217 886 256 hec
930 217 1065 256 omnia
1104 220 1198 256 rata
1245 219 1288 254 et
1329 216 1587 254 inconcussa
1635 218 1912 266 permaneant
1952 214 2064 253 hano

179 294 325 331 nostre
359 289 603 330 serenitatis
637 287 841 341 paginam
874 290 1020 326 nostro
1061 286 1206 340 sigillo
1240 283 1414 324 fecimus
1455 285 1650 323 roborari
1684 288 1726 324 et
1767 297 1791 323 a
1825 283 2067 324 venerabili

178 365 300 413 patre
333 363 477 400 nostro
512 358 704 398 Ruberto
737 357 779 395 in
813 356 881 395 die
906 355 1078 395 Pasche
1114 355 1279 406 publice
1314 355 1680 394 excommunicari.
1727 353 1774 395 Si
1809 355 1902 406 quis
1927 357 2066 393 autem

179 433 328 469 contra
361 429 471 468 hanc
505 432 689 467 nostram
723 427 891 466 venerit
933 426 1269 465 constitutionem
1310 437 1447 464 rerum
1490 436 1658 463 suarum
1701 425 1831 479 graui
1873 425 2067 464 multetur

180 499 399 550 dispendio
426 502 468 537 et
492 497 610 537 deum
637 508 729 535 011111
755 496 917 535 sanctis
943 495 1032 534 suis
1058 495 1137 534 sibi
1164 495 1390 534 aduersum
1423 495 1463 533 in
1490 498 1679 533 extremo
1709 495 1874 534 senciat
1898 494 2065 533 iudicio.

181 569 319 609 Huius
361 568 423 608 rei
464 570 561 606 sunt
600 569 758 605 testes:
807 565 1040 604 walterus
1081 564 1271 603 decanus
1315 563 1610 604 Olomucensis
1659 567 1701 603 et
1741 564 2067 603 archidiaconus

183 638 464 677 znoemensis.
505 635 775 676 Radosslaus
826 634 1154 673 archidiaconus
1195 634 1501 674 olomucensis
1554 633 1701 673 Bozko
1742 633 2068 673 archidiaconus

180 707 483 759 prerowensis.
517 706 635 745 Esau
676 704 1002 743 archidiaconus
1036 703 1388 743 brecizlauensis.
1431 704 1704 743 hermannus
1738 703 1874 742 abbas
1910 702 2070 743 Gradi-

180 777 362 816 scensIs.
391 776 555 815 Arnust
580 775 852 813 camerarius.
885 773 1133 813 VVillalmus
1158 773 1345 813 vsszich.
1370 773 1548 813 Zlauko.
1574 772 1846 827 Bogusslaus
1876 772 2068 813 Odoleni.

179 846 355 900 Boguta
406 849 449 884 et
487 844 719 884 Heinricus
768 841 900 882 frater
939 844 1031 882 eius
1080 843 1209 883 iudex
1257 843 1562 883 olomucensis.
1610 842 1757 882 Medlo
1809 842 2067 881 castellanus

182 914 488 955 olomucensis.
516 913 779 955 Sudomirus.
813 913 969 951 Petrus
998 924 1108 952 ross.
1143 913 1338 953 Predbor
1365 912 1523 964 hebky.
1558 912 1779 953 Sdisslaus
1804 911 2068 953 Grutowich.

181 983 402 1035 Sudiwoy.
436 984 644 1023 Donatus.
677 982 891 1023 Sulizlaus
917 993 1008 1021 cum
1042 980 1121 1021 filio
1147 982 1352 1023 Slawata.
1386 982 1612 1022 Johannes
1642 993 1735 1021 011111
1767 980 1900 1021 fratre
1933 982 2068 1020 Hren.

183 1053 359 1093 Odolen.
402 1053 626 1093 Rohhche.
679 1051 960 1090 Radosslaus.
1007 1051 1239 1091 Pribizlaw
1289 1052 1533 1090 swarouich
1574 1063 1665 1091 011111
1706 1049 1839 1090 fratre
1878 1047 2068 1092 S‘dizlao.

182 1122 419 1164 semizlaus
452 1134 543 1162 cum
587 1120 692 1161 filiis.
734 1121 985 1160 KohhanuS.
1029 1121 1297 1160 Budisslaus.
1338 1121 1526 1160 Pomnen
1567 1120 1880 1175 iarognewich.
1920 1120 2069 1160 Bludo.

181 1192 339 1232 Doben
378 1203 471 1231 011111
510 1190 643 1231 fratre
683 1190 926 1230 Nedamiro.
966 1191 1173 1230 jacobus.
1215 1190 1370 1230 Lutek.
1412 1190 1659 1230 zbrazlaw.
1706 1190 1869 1230 Weliz.
1913 1190 2068 1229 Velen.

183 1262 289 1301 Buz.
333 1262 481 1301 Bicen.
524 1261 730 1301 Rathmir.
770 1260 966 1300 Predbor
1013 1260 1323 1300 cenakovvich.
1366 1260 1613 1312 voysslaw.
1660 1259 1857 1302 Sezema.
1906 1258 2067 1299 Luder.

184 1331 364 1382 Neplah.
394 1331 609 1382 Skyrben.
642 1329 803 1372 Sudek.
832 1329 1061 1380 Sobehyrd
1095 1329 1148 1369 de
1174 1328 1380 1370 Clobuch.
1414 1330 1457 1368 V
1461 1330 1589 1381 oyteh
1614 1342 1706 1369 cum
1739 1328 1871 1369 fratre
1909 1330 2068 1369 Doma-

184 1402 299 1440 miro.
342 1401 457 1442 Smil.
505 1412 596 1440 cum
642 1398 775 1439 fratre
822 1399 1013 1438 Andrea.
1072 1399 1202 1439 Gron.
1261 1399 1491 1440 Ondreiek.
1543 1399 1705 1439 Boruth
1759 1398 1869 1439 filius
1928 1398 2068 1439 Wok.

185 1471 355 1510 l'rebor
378 1469 484 1509 lilius
508 1471 614 1509 Bun.
641 1469 840 1511 Stanimir
864 1466 970 1508 filius
997 1469 1212 1508 wlassin.
1263 1468 1470 1510 Canonici
1501 1469 1829 1509 Olomuceiises:
1863 1468 2069 1509 VVratek.

186 1540 391 1579 Vtessen.
440 1540 674 1594 Zbignew.
737 1538 952 1579 Andreas.
1001 1537 1243 1590 Chuzcray.
1297 1539 1583 1593 Bogusslaus.
1638 1539 1809 1578 Petrus.
1864 1538 2069 1578 Jacobus.

184 1608 395 1648 ziffridus.
436 1608 697 1660 Stephanus.
763 1609 875 1648 Acta
915 1611 1011 1647 sunt
1051 1608 1132 1647 hec
1172 1609 1214 1647 in
1256 1608 1441 1648 Olomuc.
1506 1609 1633 1648 Anno
1681 1609 1734 1648 ab
1775 1609 2070 1648 incarnatione

187 1679 337 1718 domini
371 1679 595 1718 Millesimo
631 1675 721 1719 CC.
755 1677 856 1717 Vll.
920 1677 1074 1716 Datum
1107 1689 1184 1729 per
1216 1690 1363 1717 manus
1397 1679 1662 1729 Rappotonis
1696 1678 1861 1717 notarii.

499 1778 554 1810 Ex
584 1778 783 1819 originali
813 1776 947 1819 duplici,
978 1787 1112 1819 quorum
1143 1779 1279 1818 primum
1310 1779 1341 1809 in
1371 1778 1508 1809 archivo
1531 1778 1902 1820 [archiepiscopali
1932 1775 2071 1809 Crem-

605 1831 716 1871 sirii,
746 1830 882 1861 alterum
914 1831 946 1860 in
975 1830 1112 1861 archivo
1147 1830 1324 1870 capituli
1359 1828 1645 1862 olomucensis
1676 1832 1882 1861 asservatur.
1917 1848 1961 1852 ——
1988 1830 2072 1860 Item

604 1882 883 1924 apographum
906 1883 938 1912 in
961 1881 1035 1913 cod.
1064 1882 1220 1913 membr.
1249 1880 1537 1914 olomucensis
1568 1881 1739 1923 capituli
1763 1882 1790 1913 1.
1814 1881 1837 1914 s.
1860 1880 1897 1913 2.
1921 1882 2071 1913 —Item

604 1933 724 1965 ibidem
748 1933 804 1966 fol.
831 1932 893 1965 19.
916 1952 960 1957 —
1447 1936 1453 1940 ”

1037 2068 1227 2108 XXXII.

321 2138 605 2199 Innocentius
646 2169 758 2209 papa
799 2158 876 2198 111.
917 2157 1220 2212 Wladislaum,
1260 2158 1438 2198 Polonie
1487 2157 1648 2212 ducem⁷
1690 2157 1744 2198 de
1786 2158 2068 2199 obstinatione

193 2239 269 2266 sua
310 2228 351 2266 in
394 2228 649 2277 perpetratis
693 2232 840 2267 contra
881 2228 1116 2268 libertatem
1163 2227 1500 2267 ecclesiasticam
1540 2228 1740 2282 graviter
1782 2227 2100 2282 redarguenss

194 2285 361 2336 mandat
408 2308 457 2336 se
506 2296 739 2351 Pragensi7
791 2297 1077 2349 olomucensi,
1124 2297 1338 2338 Misnensi
1392 2300 1435 2337 et
1480 2298 1695 2337 universis
1743 2297 2070 2337 Poloniensibus

195 2366 407 2416 episcopis
431 2366 722 2420 praecepisse,
740 2370 784 2406 ut
809 2367 1132 2419 archiepiscopo
1157 2367 1402 2408 Gnesnensi
1425 2370 1574 2407 contra
1599 2378 1705 2422 eum⁷
1726 2368 1807 2407 nisi
1831 2367 2070 2421 resipuerit,

196 2435 351 2474 auxilio
385 2435 602 2474 adessent.
666 2436 821 2475 Datum
853 2437 1014 2477 Romae
1046 2437 1100 2476 Il.
1132 2436 1282 2476 Nonas
1313 2437 1522 2476 Januarii.

507 2526 537 2558 E
562 2529 696 2569 regesto
721 2528 953 2560 Innocentii
977 2528 1040 2560 111.
1059 2529 1133 2560 anni
1154 2528 1216 2561 IX.
1231 2528 1328 2570 epist.
1353 2526 1443 2560 217.
1463 2527 1552 2570 apud
1576 2529 1785 2571 Brequiny
1812 2530 1844 2559 et
1867 2526 1917 2559 du
1941 2526 2070 2558 Theil.
