2212 2876
937 69 1245 130 -Ξθὲἡᾴ

159 217 333 258 siastica
365 216 456 255 iura
488 214 698 267 punierim
720 216 1092 267 transgressores.
1134 211 1444 250 Possessiones
1469 213 1603 250 autem
1632 221 1738 263 quas
1772 211 1826 250 ad
1851 220 2032 262 presens

157 286 375 338 possident
407 287 504 324 sunt
537 284 629 322 hec.
676 281 883 322 Ozlawan
916 293 1011 320 cum
1053 281 1144 319 suis
1177 279 1433 332 specialibus
1471 281 1756 332 pertinenciis.
1793 279 2032 321 Gnanleiz-

159 355 272 408 dorf.
306 366 400 393 cum
433 351 624 392 omnibus
649 352 739 390 suis
769 350 1055 403 pertinenciis.
1089 350 1298 389 Martiniz
1324 362 1416 388 cum
1444 350 1547 388 suis,
1571 350 1798 388 Leccon-iz
1816 362 1910 389 cum
1927 350 2032 388 suis.

161 423 298 463 Babiz
337 434 431 461 cum
471 422 575 460 suis.
624 419 823 461 Clielesiz
869 431 963 458 cum
1002 419 1106 458 suis.
1140 419 1386 458 Milocowiz
1425 430 1520 457 cum
1552 419 1643 471 suis
1690 418 1906 458 lstsecowiz
1939 430 2034 457 cum

159 494 264 532 suis.
311 491 438 531 I⁷inee
477 488 655 541 quedam
703 489 748 528 in
787 488 884 527 luca
924 488 1013 527 sile.
1060 488 1264 527 Ecclesia
1306 487 1357 526 de
1398 486 1532 526 zelub.
1579 488 1640 527 El
1676 488 1743 526 ius
1783 489 2032 538 patronatus

158 561 334 601 ecclesie
365 560 502 598 sancti
535 557 690 598 Jacobi
714 559 759 596 in
790 557 988 596 Brunna.
1037 557 1098 595 Vt
1131 559 1267 595 autem
1301 556 1381 595 hec
1416 557 1549 595 omnia
1577 560 1668 595 rata
1703 559 1744 595 et
1776 555 2032 595 inconcussa

157 633 361 682 perpetuo
389 630 676 680 permaneant.
705 626 814 665 hanc
841 629 987 665 nostre
1014 626 1259 664 serenitatis
1292 626 1492 679 paginam
1517 628 1661 664 nostro
1686 625 1831 678 sigillo
1858 623 2033 664 fecimus

157 698 409 738 communiri.
458 700 500 736 et
542 697 789 751 rogauimus
838 695 1119 735 reuerendum
1160 698 1318 746 patrem
1367 699 1550 733 nostrum
1591 694 1820 733 Robertum
1862 693 2032 734 Olomu-

157 779 329 808 censem
363 768 616 818 episcopum.
650 765 759 817 quod
792 765 835 804 in
866 764 989 804 huius
1023 765 1085 803 rei
1111 765 1386 803 testimonium
1420 776 1537 803 suum
1570 764 1753 817 sigillum
1788 763 2033 814 adponeret.

156 838 292 877 Huius
340 840 476 875 autem
518 835 812 874 concessionis
855 834 991 886 quoad
1041 834 1259 873 libertates
1301 833 1486 872 ecclesie
1534 833 1782 871 antedictas.
1824 844 1848 871 a
1889 836 2034 872 nostra

158 907 284 960 regia
318 906 537 945 maiestate
570 903 747 955 prolate.
780 903 885 943 baro
920 906 1066 942 noster
1098 903 1190 942 Leo
1225 903 1483 942 camerarius
1525 901 1815 942 Olomucensis
1856 902 1896 940 in
1930 912 2033 952 pre-

156 976 303 1014 sencia
337 975 551 1013 multorum
591 976 674 1012 tam
715 972 964 1011 clericorum
1005 983 1125 1024 quam
1158 972 1358 1010 laicorum
1399 972 1527 1024 regni
1561 971 1694 1010 nostri
1736 969 1810 1009 suit
1850 970 2033 1021 promul-

156 1047 299 1098 gator.
349 1041 390 1083 et
437 1043 672 1082 libertatem
722 1040 873 1093 prefati
921 1042 1164 1081 monasterii
1211 1053 1236 1080 a
1284 1041 1404 1080 nobis
1452 1052 1702 1080 concessam
1748 1040 2034 1091 sollempniter

155 1113 462 1164 pronunciauit.
529 1109 661 1152 Cuius
702 1111 763 1150 rei
798 1113 932 1149 testes
973 1110 1042 1149 hii.
1084 1110 1288 1149 Albertus
1329 1110 1463 1149 abbas
1497 1109 1858 1163 uselgradensis.
1899 1110 2033 1163 Hugo

157 1186 199 1222 et
223 1182 509 1221 Hartmannus
542 1180 733 1220 monachi
762 1179 948 1219 eiusdem
982 1180 1273 1218 cisterciensis
1305 1180 1475 1218 ordinis.
1509 1179 1725 1218 Arnoldus
1751 1179 1884 1217 abbas
1918 1178 2034 1217 Tre-

156 1251 370 1291 becensis.
411 1250 567 1289 Petrus
618 1253 660 1289 et
698 1249 857 1294 Paulus
896 1249 1087 1288 monachi
1129 1248 1329 1288 eiusdem.
1378 1249 1533 1287 Petrus
1576 1248 1712 1287 abbas
1754 1247 2033 1288 Gradicensis

155 1332 245 1360 cum
281 1319 526 1372 quibusdam
559 1317 760 1359 fratribus
794 1319 896 1358 suis.
930 1318 1154 1357 Florianus
1188 1318 1428 1369 prepositus
1462 1318 1720 1356 cvnicensis.
1762 1317 2033 1355 Herinannus

154 1390 397 1441 prepositus
437 1382 841 1428 Luthomericensis.
890 1387 1034 1427 Lucas
1075 1387 1202 1438 prior.
1249 1386 1418 1426 Petrus.
1462 1386 1592 1427 Sdico
1632 1386 2033 1437 premonstratensis

154 1459 325 1498 ordinis.
358 1459 477 1498 Esau
510 1461 553 1497 et
584 1458 798 1497 Henricus
832 1457 1022 1496 canonici
1058 1455 1375 1496 olomucenses.
1410 1455 1627 1495 Zdizlaus.
1668 1455 1868 1494 Thomas.
1908 1455 2032 1494 Hila-

156 1529 256 1567 rius.
290 1527 536 1567 Fridericus
562 1527 770 1578 capellani
805 1526 922 1565 curie
949 1529 1106 1564 nostre.
1134 1522 1360 1565 Conradus
1391 1526 1578 1564 notarius
1612 1528 1757 1563 noster
1782 1525 1822 1562 in
1855 1523 2033 1563 brunna.

154 1596 332 1637 Nobiles
373 1599 511 1636 autem
555 1599 596 1636 et
635 1596 822 1635 barones
862 1596 995 1635 nostri
1036 1597 1133 1633 sunt
1172 1594 1242 1634 hii.
1291 1593 1384 1633 Leo
1429 1594 1687 1633 camerarius
1727 1592 2033 1632 Olomucensis.

156 1665 442 1705 Marcuardus
483 1663 615 1705 srater
654 1665 802 1705 benes.
844 1663 1140 1704 Theodericus
1182 1664 1416 1703 Hrutowiz.
1456 1663 1702 1714 Stephanus
1742 1662 1793 1701 de
1826 1662 2031 1702 Medlow.

156 1735 399 1775 Bohuzlaus
433 1734 486 1773 de
518 1734 752 1774 Wranow.
784 1733 974 1773 Ratibor.
1016 1733 1158 1773 VVrse
1200 1733 1473 1773 camerarius.
1515 1732 1734 1772 Hartlibus
1775 1732 2034 1771 castellanus

158 1803 454 1855 Znoymensis.
495 1802 756 1842 wilhelmus
790 1814 880 1842 cum
912 1800 1045 1843 fratre
1079 1815 1170 1843 suo.
1203 1803 1333 1844 Milis.
1373 1802 1554 1842 Rabota.
1588 1802 1813 1842 Martinus.
1847 1800 2032 1851 Zpitata.

156 1874 249 1912 Ben
272 1873 530 1912 castellanus
557 1872 819 1912 betovensis.
852 1872 1031 1912 Welen.
1064 1873 1216 1912 Bares.
1249 1872 1404 1911 Riwin.
1439 1871 1659 1911 Voizlaus.
1688 1874 1730 1910 et
1764 1868 1893 1910 frater
1926 1871 2031 1908 eius.

157 1942 248 1981 Taz
289 1943 436 1981 iunior.
480 1941 649 1981 Adwie.
692 1942 893 1993 Proztey.
935 1941 1179 1982 Othazlaus.
1219 1941 1420 1981 Mathias.
1461 1940 1784 1979 XVoluramnus.
1817 1939 2031 1980 Sdizlaus.

157 2010 401 2052 Strachota.
434 2011 744 2050 Theodericus,
790 2011 995 2050 vainus.
1037 2009 1188 2051 Chuno
1222 2014 1521 2061 procuratores
1563 2009 1694 2048 nostri
1735 2008 2031 2059 Znoymensis.

157 2080 423 2119 Brunncnsis
474 2083 515 2119 et
562 2079 851 2120 olomucensis
899 2081 1217 2131 prouinciarum.
1259 2082 1301 2118 et
1347 2079 1415 2117 alii
1465 2090 1584 2130 quam
1631 2078 1787 2129 plures.
1850 2077 2033 2127 Insuper

158 2149 352 2188 nouerint
392 2148 580 2188 vniuersi
623 2149 731 2200 quod
772 2149 1048 2188 denunciacio
1089 2148 1302 2188 antedicta
1334 2146 1447 2187 sacta
1488 2158 1564 2199 per
1602 2147 1790 2186 Leonem
1830 2145 2032 2185 baronem

158 2221 342 2257 nostrum
383 2229 512 2268 super
551 2216 726 2269 prefatis
773 2218 1037 2258 libertatibus
1078 2230 1104 2257 a
1143 2220 1286 2257 nostra
1332 2217 1552 2257 maiestate
1592 2215 1812 2255 concessis
1852 2213 2032 2253 cenobio

159 2286 391 2337 sepedicto.
433 2288 684 2326 auctoritate
730 2291 874 2327 nostra
919 2291 961 2326 et
1006 2287 1200 2327 mamiato
1241 2290 1385 2326 nostro
1433 2284 1507 2325 suit
1552 2284 1834 2338 promulgata.
1898 2283 2032 2322 Facta

162 2359 297 2394 autem
323 2358 420 2394 sunt
453 2356 532 2394 hec
561 2368 670 2395 anno
706 2357 758 2395 ab
786 2357 1075 2396 incarnatione
1109 2356 1259 2395 domini
1295 2355 1353 2395 M.
1379 2353 1469 2396 CC.
1503 2355 1705 2394 vicesimo
1734 2353 1850 2391 VIII.
1882 2351 2031 2405 Regni

159 2425 292 2463 nostri
326 2436 435 2463 anno
470 2425 678 2465 XXXIII.
711 2426 810 2464 VII.
844 2425 943 2465 Idus
976 2425 1242 2465 Nouembris.
1283 2424 1517 2464 Indictione
1551 2424 1583 2462 1.
1618 2424 1658 2462 in
1691 2422 1797 2461 loco.
1832 2421 1900 2473 qui
1935 2420 2032 2459 vul-

161 2495 329 2548 gariter
376 2494 610 2547 appellatur
658 2493 861 2535 Ozlawan
907 2496 948 2536 in
995 2505 1075 2548 quo
1125 2494 1231 2534 idem
1280 2493 1574 2534 monasterium
1619 2489 1830 2532 fundatum
1877 2492 1943 2529 est
1990 2493 2033 2529 et
