2212 2876
191 225 233 261 et
266 221 356 261 eius
389 218 590 259 fratribus
624 218 926 269 inperpetuum.
988 215 1146 258 Sanum
1178 213 1271 255 fore
1304 225 1492 254 censens
1525 218 1567 254 et
1599 217 1856 268 condignum
1889 221 2064 252 sancta-

191 303 278 330 rum
312 289 589 330 ecclesiarum
620 285 907 338 tranquillitati
930 286 1171 337 prouidere.
1205 285 1246 324 in
1271 283 1383 323 nullo
1409 282 1571 322 credidi
1595 284 1658 322 eis
1684 283 1776 334 plus
1809 293 2066 323 succurrere

191 371 311 411 quam
345 370 487 398 earum
520 357 821 408 possessiones
855 367 881 394 a
913 356 1076 394 cunctis
1107 353 1407 394 uexationibus
1450 353 1492 391 in
1525 356 1718 404 quantum
1752 364 1921 404 possum
1954 355 2067 391 tutas

191 428 373 468 reddere
406 430 449 466 et
481 438 557 466 eas
589 428 796 476 perpetua
818 424 1015 463 libertate
1048 423 1274 463 honorare.
1321 422 1528 462 Nouerint
1560 421 1702 473 itaque
1727 425 1808 460 tam
1840 425 2067 473 presentes

191 510 311 550 quam
344 495 482 536 futuri.
517 494 627 547 quod
661 505 805 533 omnes
841 493 1141 544 possessiones
1175 503 1281 544 quas
1315 491 1465 531 domus
1498 491 1636 530 sancti
1660 490 1877 530 Jolmnnis
1908 492 1954 530 in
1986 493 2068 530 lota

192 567 396 607 Morauz'a
429 564 620 616 possidet
651 563 720 603 uel
753 562 890 602 adhuc
932 566 999 602 est
1031 573 1288 614 possessura
1328 564 1504 612 propter
1536 560 1703 614 largam
1737 560 1920 611 ipsorum
1952 561 2067 599 circa

193 646 419 687 pauperes.
452 632 634 673 infirmos
669 636 712 671 et
752 633 1012 686 peregrinos
1053 632 1261 683 pietatem.
1302 630 1355 670 ab
1390 631 1496 670 omni
1537 630 1630 669 iure
1664 629 1773 681 quod
1813 629 1867 668 ad
1900 640 1965 669 me
1998 628 2069 669 vel

192 714 474 743 successores
514 713 630 742 meos
670 702 853 753 pertinet
892 701 1071 740 absolvi.
1112 704 1154 740 et
1194 704 1238 740 ut
1277 712 1302 739 a
1349 700 1460 739 nullo
1501 700 1769 750 imposterum
1819 710 1949 750 super
1987 698 2070 738 hoc

193 774 442 824 impetantur
475 772 615 811 statui.
679 770 776 812 Sint
809 781 919 824 ergo
954 770 1133 809 absoluti
1167 782 1192 809 a
1225 770 1316 809 iure
1350 769 1459 821 quod
1493 772 1673 808 vocatur
1705 768 1864 809 Narez.
1919 768 2070 808 Noch-

193 841 299 896 legh
340 845 383 880 et
420 852 584 892 powoz.
634 843 676 879 et
719 840 771 878 ab
814 841 921 878 omni
968 840 1059 878 iure
1099 839 1166 878 illo
1215 851 1290 890 pro
1332 851 1412 891 quo
1465 838 1617 878 dantur
1658 838 1869 877 xllllcim
1908 838 2069 877 nummi.

194 912 375 962 Insuper
407 910 566 950 liberos
607 920 708 948 esse
740 909 836 948 uolo
877 909 931 949 ab
964 909 1044 948 illis
1085 908 1257 948 nummis
1298 908 1366 960 qui
1408 908 1558 947 dantur
1599 919 1673 958 pro
1708 907 1847 958 capite
1886 907 1954 946 uel
1995 918 2070 958 pro

195 980 316 1020 swod
369 983 412 1019 et
451 979 504 1019 ab
552 979 659 1018 omni
703 979 930 1018 exactione
971 990 1052 1030 que
1093 981 1260 1029 spectat
1300 978 1354 1017 ad
1395 981 1633 1016 castrorum
1674 975 1962 1016 edificationes
2002 976 2070 1016 uel

196 1050 385 1100 poncium
418 1048 649 1088 secundum
687 1051 804 1087 terre
836 1048 946 1086 illius
979 1058 1146 1086 morem.
1210 1045 1258 1088 Si
1302 1047 1395 1098 quis
1428 1046 1633 1085 hominum
1674 1046 1782 1084 illius
1817 1045 1962 1085 domus
1994 1057 2071 1096 pro

196 1117 305 1158 furto
339 1121 568 1157 accusatus
601 1117 643 1156 in
676 1128 809 1156 causa
841 1116 1058 1156 ceciderit.
1091 1116 1159 1155 uel
1193 1117 1317 1155 etiam
1349 1116 1391 1154 in
1424 1113 1521 1154 furti
1554 1115 1722 1153 actione
1754 1112 1881 1154 fuerit
1914 1114 2071 1165 depre-

196 1188 369 1226 hensus.
394 1187 504 1227 bona
528 1184 631 1226 furis
658 1185 793 1225 domui
821 1189 1081 1225 remaneant.
1116 1188 1158 1224 et
1185 1185 1276 1236 ipse
1305 1196 1395 1223 cum
1420 1184 1670 1224 aduersario
1695 1195 1772 1222 suo
1799 1182 2071 1223 satisfecerit.

197 1269 273 1309 pro
308 1257 445 1307 capite
478 1267 555 1295 suo
589 1255 782 1310 graciam
822 1265 954 1294 meam
987 1255 1184 1294 inueniat.
1247 1254 1398 1293 Nullus
1440 1264 1673 1293 successor
1706 1264 1823 1292 meus
1855 1253 1925 1292 uel
1956 1257 2073 1293 terre

198 1338 289 1366 mee
330 1323 651 1365 inbeneficiatus
691 1325 783 1363 siue
817 1324 1077 1364 camerarius
1117 1324 1209 1363 siue
1243 1323 1371 1362 iudex
1411 1322 1503 1362 siue
1546 1323 1679 1362 ceteri
1722 1320 1924 1362 officiales
1965 1333 2073 1373 quo-

198 1406 364 1447 cunque
388 1394 526 1434 modo
560 1394 758 1434 nominati
800 1393 954 1446 aliquid
987 1394 1041 1433 ab
1082 1393 1315 1433 hominibus
1349 1392 1494 1432 domus
1534 1392 1643 1431 illius
1686 1392 1870 1445 exigant
1908 1391 1975 1430 uel
2010 1392 2074 1430 eis

199 1476 334 1505 novas
375 1463 704 1503 consuetudines
752 1464 975 1514 imponant.
1041 1462 1172 1504 Omne
1221 1463 1286 1502 ius
1327 1461 1453 1535 quoss²
1478 1472 1567 1516 ego
1615 1472 1691 1512 per
1731 1459 1904 1500 fratrem
1943 1472 2074 1500 meum

201 1533 445 1574 Premisszl
475 1544 628 1587 regem
661 1533 834 1572 Boemie
866 1532 1038 1572 abbatie
1078 1524 1414 1583 Weleqradensi'
1441 1531 1639 1570 concessi
1673 1531 1795 1569 etiam
1828 1530 1962 1570 eidem
1996 1530 2075 1570 do-

201 1604 278 1643 mui
312 1602 518 1642 concedo.
550 1602 700 1642 uolens
734 1613 810 1641 eos
844 1604 1050 1652 perpetua
1082 1602 1315 1641 securitate
1347 1600 1561 1655 gaudere.
1609 1600 1667 1641 Ut
1699 1602 1836 1639 autem
1868 1599 1948 1638 hec
1982 1603 2075 1639 rata

202 1673 336 1711 omnia
386 1673 427 1710 in
473 1670 651 1711 futurum
698 1675 986 1722 permaneant.
1034 1670 1145 1710 lianc
1192 1674 1351 1710 cartam
1397 1681 1488 1709 meo
1537 1669 1681 1723 sigillo
1729 1667 1814 1708 feci
1861 1669 2075 1723 insigniri.

205 1742 419 1781 Dominum
476 1743 614 1780 autem
663 1741 905 1791 episcopum
956 1739 1311 1779 Holomucensem
1358 1739 1516 1793 rogaui
1571 1739 1612 1777 in
1661 1738 1780 1777 cuius
1829 1739 2076 1789 episcopatu

202 1810 502 1861 possessiones
535 1809 604 1849 ille
637 1810 718 1849 site
752 1812 849 1849 sunt
880 1809 1004 1848 huius
1046 1819 1138 1848 mee
1172 1808 1466 1848 concessionis
1508 1811 1867 1861 transgressores
1901 1817 2076 1846 excom-

202 1880 412 1919 municare
446 1878 555 1930 quod
588 1882 631 1918 et
662 1879 755 1929 ipse
788 1876 901 1917 fecit.
935 1877 988 1918 ad
1022 1888 1142 1929 quem
1175 1888 1343 1928 semper
1375 1877 1520 1916 domus
1561 1876 1630 1915 illa
1663 1877 1703 1915 in
1737 1876 1826 1915 suis
1860 1876 2077 1926 pressuris

204 1954 246 1988 et
280 1948 439 1986 iniuriis
480 1947 639 1987 habeat
678 1958 908 1986 recursum.
949 1950 994 1986 ut
1034 1947 1103 1986 ubi
1142 1950 1404 1998 posterorum
1446 1956 1630 1985 meorum
1670 1946 1711 1984 in
1751 1947 1839 1984 suis
1873 1945 2076 1985 subiectis

206 2016 386 2057 defuerit
409 2017 617 2056 correctio
643 2017 738 2068 ipse
767 2016 996 2067 spiritualis
1029 2015 1166 2070 gladii
1188 2016 1345 2055 ultione
1371 2017 1411 2054 in
1434 2012 1730 2055 malefactores
1758 2015 2076 2055 animaduertat.

207 2088 300 2128 Hec
342 2097 446 2125 vero
487 2089 585 2125 sunt
625 2087 790 2125 nomina
822 2086 1102 2125 ueridicorum
1134 2086 1299 2124 testium
1340 2084 1537 2123 nimirum.
1600 2082 1816 2125 Rubertus
1848 2084 2077 2135 episcopus

207 2155 542 2195 Holomucensis.
574 2155 777 2194 Dominus
802 2154 1061 2194 Bolezslaus
1094 2165 1226 2205 nepos
1251 2165 1381 2192 meus.
1413 2153 1683 2193 Hermannus
1707 2152 1841 2192 abbas
1875 2152 1928 2192 de
1961 2151 2077 2194 Gra-

209 2225 363 2265 dissch.
388 2222 597 2264 Szifridus
630 2224 764 2264 abbas
792 2224 857 2264 W
860 2223 1173 2278 elegi-adensis.
1206 2222 1450 2274 Stephanus
1482 2222 1722 2274 prepositus
1755 2222 2078 2262 holomucensis.

210 2294 439 2333 XValterus
489 2293 677 2332 decanus
725 2294 1018 2333 olomucensis.
1066 2292 1359 2332 Radozsslaus
1406 2290 1732 2331 archidiaconus
1783 2290 2076 2330 olomucensis.

213 2363 328 2401 Esau
371 2362 702 2413 archipresbiter
752 2363 1053 2413 prerowensis.
1102 2362 1283 2413 Moyses
1321 2360 1645 2400 archidiaconus
1687 2359 2078 2400 Brechizlavensis.

212 2432 406 2470 Bauarus
446 2431 703 2470 camerarius
745 2432 1036 2471 olomucensis.
1080 2431 1265 2470 Zauissa
1306 2430 1568 2485 burgrauius
1609 2430 1902 2469 olomucensis.
1941 2427 2077 2468 Bludo

213 2498 425 2550 prefectus
452 2501 735 2550 prerouensis.
756 2500 1019 2540 Zulizsslaus
1047 2499 1224 2551 dapifer.
1250 2500 1404 2539 Doben
1428 2499 1569 2539 iudex.
1594 2499 1711 2553 Blag
1730 2496 1836 2538 filius
1852 2497 2076 2552 Blegonis.
