2212 2876
1053 99 1159 139 236

167 248 289 284 tenor
322 243 536 297 priuilegii
564 242 695 294 patris
729 241 860 280 nostri
888 241 1061 281 illustris
1094 241 1290 281 memorie
1317 240 1440 295 regis
1473 240 1692 296 Premile
1726 242 1793 294 qui
1829 247 1869 282 et
1903 241 2039 283 otha-

166 324 293 353 carus
327 311 717 366 cognominabatur.
783 309 914 359 Quem
947 313 1135 350 tenorem
1162 321 1238 349 nos
1272 310 1523 350 auctoritate
1556 313 1701 350 nostra
1734 309 2039 366 confirmamus,

167 387 210 422 et
243 383 380 435 etiam⁷
413 381 651 431 vbicunque
675 390 912 433 possumus7
946 379 1080 418 eidem
1105 380 1359 418 monasterio
1394 379 1557 430 plenius
1584 383 1631 433 εἰ
1662 377 1814 418 firmius
1848 380 2037 420 volumus

166 451 407 504 prouidere,
460 448 692 488 secundum
739 448 847 500 quod
898 449 1098 488 conuenit
1145 446 1372 502 magnifice
1416 448 1609 499 potestati
1658 452 1817 488 nostre.
1881 449 2038 490 Testes

166 520 330 573 quidem
363 519 484 558 liuius
518 522 664 557 nostre
691 515 1026 556 confirmacionis
1060 521 1101 557 et
1133 517 1379 557 accedentis
1405 518 1446 556 in
1479 517 1707 571 priuilegio
1741 518 1874 568 patris
1908 519 2038 558 nostri

166 600 403 629 consensus
443 591 540 626 sunt
579 587 649 641 liii7
690 587 757 638 qui
799 586 851 625 ad
892 586 972 625 hoc
1010 587 1151 626 uocati
1190 590 1287 626 sunt
1327 591 1369 626 et
1408 587 1449 625 in
1484 597 1654 638 quorum
1693 587 1920 638 presencia
1958 587 2039 626 hec

165 663 261 698 acta
302 660 412 711 sunt7
453 656 616 695 scilicet
648 657 688 695 in
730 655 910 707 capitulo
951 655 1318 710 Usilleguadensi7
1358 656 1427 695 ubi
1469 659 1615 695 nostre
1654 657 1876 707 potestatis
1915 656 2039 708 plena

165 727 353 767 accessit
401 726 645 765 auctoritas.
709 725 887 765 Nomina
937 728 1074 765 autem
1120 726 1284 765 testium
1332 728 1429 764 sunt
1473 725 1578 764 hec:
1625 725 1856 765 Heinricus
1905 725 2039 765 abbas

165 796 388 836 Placensis
422 807 512 834 cum
545 794 759 834 monachis
794 794 983 845 Lupoldo
1025 797 1067 833 et
1099 794 1315 833 Heinrico.
1348 794 1560 833 Rivvinus
1593 793 1728 833 abbas
1762 793 2039 834 Gredicensis

165 877 256 905 cum
289 864 491 904 monacho
524 863 797 905 Sebastiano.
823 863 1063 902 Bohuslaus
1097 862 1202 902 filius
1230 863 1472 911 Zlauconis.
1506 864 1736 903 Heinricus
1768 862 1873 903 filius
1899 864 2038 904 Witi-

164 936 296 975 conis.
330 933 615 975 Swatoslaus.
639 933 857 984 Nycolaus
891 931 996 972 filius
1022 932 1200 972 Boliute.
1227 932 1398 972 VVatlia
1425 932 1781 972 subcamerarius.
1814 933 2039 972 Jaroslaus

164 1001 411 1056 subdapiser
453 1006 495 1042 et
527 1002 763 1042 Zbraslaus
803 1002 1101 1052 subpincerna.
1143 1001 1357 1042 Sulizlaus
1391 999 1496 1040 filius
1530 1001 1710 1041 Zvesth.
1753 1001 2039 1043 Sti-ezimirus.

164 1073 290 1114 Alina
324 1071 429 1112 filius
461 1072 650 1112 Msshost.
683 1071 939 1110 Daleborus.
973 1070 1165 1110 Mladota
1199 1068 1304 1109 filius
1337 1069 1548 1109 Bohusse.
1583 1069 1827 1110 Guntlierus
1862 1071 1915 1110 de
1948 1071 2038 1111 Bu-

164 1143 298 1182 dissin
325 1142 481 1181 Boemi.
515 1141 683 1180 Moraui
718 1140 873 1179 Petrus
900 1150 1052 1179 comes.
1086 1139 1248 1181 Slawa.
1282 1139 1542 1181 Sudomirus.
1575 1139 1756 1179 Pardus.
1790 1139 2037 1181 Semislaus.
2067 1138 2071 1139 ⁷

163 1213 401 1252 Joliannes.
426 1210 639 1250 Andreas.
660 1208 893 1250 Germ-dus.
921 1208 1202 1248 wilehelmus
1229 1209 1432 1259 pincerna
1460 1212 1501 1247 et
1528 1208 1745 1259 Lupoldus
1769 1206 1902 1248 frater
1931 1210 2035 1249 eius.

165 1281 462 1322 Gebeliardus.
527 1279 620 1328 Quo
653 1282 698 1318 vt
731 1280 865 1318 omnia
908 1281 998 1317 rata
1033 1281 1319 1331 pei-maneant,
1353 1277 1463 1316 hanc
1496 1280 1641 1316 nostre
1675 1279 1917 1318 serenitatis
1959 1290 2037 1329 pa-

164 1352 310 1405 ginam
344 1349 474 1403 sigilli
508 1349 727 1400 munimine
768 1346 940 1387 fecimus
974 1347 1193 1386 roborare.
1259 1347 1411 1387 Datum
1452 1347 1493 1385 in
1526 1346 1808 1401 ivillegrade
1841 1359 1950 1386 anno
1985 1347 2038 1387 ab

164 1420 464 1460 incarnacione
506 1418 657 1457 domini
706 1415 1024 1458 MCCXXXH.
1071 1416 1172 1456 XV.
1212 1415 1434 1455 Kalendas
1474 1416 1713 1469 Februarii,
1753 1427 1830 1467 per
1877 1428 2037 1456 manuni

164 1489 374 1529 Joliannis
408 1487 560 1527 notarii
593 1488 740 1541 nostri7
766 1486 1127 1526 Lutomericensis
1162 1486 1368 1539 canonici7
1393 1485 1638 1536 presidente
1671 1485 1832 1525 domino
1860 1486 2038 1526 Alberto

163 1559 318 1598 abbate
351 1556 605 1597 reuerendo.

475 1669 529 1701 Ex
553 1668 750 1710 originali
774 1669 805 1699 in
820 1678 849 1700 c.
863 1679 888 1700 r.
905 1668 1040 1699 archivo
1055 1668 1160 1699 aulico
1175 1667 1278 1699 Vind
1288 1678 1304 1698 0
1315 1667 1454 1698 bonae.
1474 1686 1515 1689 -—
1535 1666 1635 1697 Aliud
1655 1667 1822 1707 exemplar
1842 1670 2037 1707 autogra—

580 1720 694 1761 phum
719 1719 917 1751 adservatur
930 1721 960 1750 in
976 1720 1067 1751 arch.
1089 1719 1237 1760 ejusdem
1253 1720 1440 1750 monasterii
1462 1720 1546 1760 sign.
1560 1718 1603 1750 A.
1618 1717 1652 1749 3.
1677 1737 1720 1740 —
1743 1717 1884 1759 Apogr
1895 1718 1971 1759 apli
1982 1728 2037 1750 11111

579 1772 611 1803 in
634 1771 708 1803 cod.
733 1771 1054 1803 XVeleliradensi
1077 1771 1147 1803 Ms.
1172 1771 1226 1802 sol.
1251 1768 1287 1802 6.

1012 1956 1190 1999 CCXV.

174 2068 460 2119 wenceslaus,
501 2079 585 2106 rem
623 2067 899 2117 Boemorum,
941 2067 1164 2119 confirmat
1199 2063 1493 2118 fundationem
1535 2066 1574 2103 et
1604 2063 1854 2103 dotationem
1886 2075 2036 2103 mona-

165 2139 283 2177 steria·
309 2136 653 2176 IfVelehradensis
675 2137 835 2188 factam
853 2148 879 2174 a
896 2138 1016 2187 patre
1034 2147 1112 2174 suo
1128 2134 1333 2186 PFemysl
1350 2132 1537 2174 Otatfaro
1557 2136 1595 2172 et
1607 2136 1760 2185 patruo
1785 2132 2036 2184 IVlade'stao,

193 2205 470 2247 *marchione
508 2206 746 2256 Morsu-iae,
787 2207 826 2243 et
863 2205 1008 2243 rarius
1051 2203 1260 2243 libertates
1300 2201 1433 2241 eidem
1478 2202 1735 2241 monasterio
1774 2200 1975 2241 concedit.

523 2276 595 2314 ΙΙΙ.
627 2275 671 2313 in
712 2273 943 2314 Il'etelcrnd
974 2273 1072 2314 XV.
1106 2272 1209 2312 Kal.
1244 2270 1489 2321 Februarii,
1531 2270 1683 2310 1232.

241 2393 263 2439 ἰ
295 2367 354 2428 In
394 2387 561 2426 nomine
603 2389 752 2425 sancte
794 2389 835 2424 ot
874 2384 1086 2424 indiuidue
1126 2383 1335 2423 trinitatis.
1383 2383 1530 2422 Anien.
1597 2383 1696 2436 Ego
1737 2380 2035 2420 XVenzezlaus

166 2458 232 2497 dei
276 2457 430 2511 gracia
476 2466 556 2494 rex
595 2455 843 2494 Boemorum
891 2454 987 2493 1111.
1036 2453 1292 2493 monasterio
1346 2450 1669 2491 welefo-odensi
1717 2447 2034 2500 Cysterciensis

166 2527 322 2566 ordinis
371 2529 409 2565 et
451 2523 651 2564 fratribus
698 2524 753 2562 ibi
795 2523 874 2562 deo
921 2522 1219 2562 seruientibus.
1284 2518 1386 2575 Cum
1438 2520 1604 2574 regalis
1651 2522 1840 2571 potestas
1883 2517 2035 2557 debeat
