2212 2876
1058 94 1125 134 25

161 245 209 273 se
243 230 369 273 nobis
396 237 437 273 in
470 231 582 274 facto
616 239 685 274 tuo
720 234 927 276 hactenus
961 248 1036 287 pro
1070 238 1213 276 maiori
1248 242 1368 288 parte
1402 238 1594 288 opposuit
1627 238 1814 278 ecclesia
1839 240 2037 295 Magun-

161 303 338 342 tinensis
371 307 414 343 et
444 304 506 342 sic
540 306 839 344 contumaciter
872 307 913 344 in
939 318 1014 345 sua
1051 307 1332 345 obstinatione
1367 308 1608 361 permansit,
1634 319 1715 348 nec
1749 309 1885 348 adhuc
1913 312 2036 351 etiam

160 372 286 412 adicit
327 375 371 412 ut
403 378 622 428 resurgat7
662 378 706 413 ut
748 376 783 413 si
825 376 862 414 ei
905 375 1108 414 vellemus
1151 387 1225 425 pro
1267 376 1423 414 meritis
1464 377 1743 430 respondere7
1784 390 1866 417 non
1905 381 2034 420 solum

160 441 256 492 quia
295 444 337 480 te
385 446 512 492 caput
551 455 668 483 suum
711 444 930 483 admittere
980 444 1172 498 despicit,
1220 445 1417 485 membris
1463 457 1682 496 possemus
1736 457 1825 486 eam
1870 451 2036 500 penitus

159 510 359 563 nmtilare7
400 510 478 549 sed
521 513 618 563 quia
659 524 740 551 non
783 513 982 567 intelligit
1023 520 1176 564 quante
1219 514 1441 568 dignitatis
1481 516 1748 570 priuilegium
1790 520 1832 556 et
1863 517 2035 558 honoris

159 583 429 632 augmentum
462 591 540 630 per
564 581 708 620 sedem
742 583 795 621 sit
819 582 1089 632 apostolicam
1125 588 1368 627 consecuta,
1394 584 1647 624 deberemus
1674 585 1884 626 reducere
1910 594 2037 639 caput

159 648 212 687 ad
246 648 420 687 caudam
454 653 496 688 et
528 651 696 700 primam
731 652 998 690 nouissimam
1032 650 1176 692 facere
1210 663 1260 690 ac
1305 654 1570 693 nouissimam
1605 655 1733 705 prime
1768 654 1961 706 preferre
1995 659 2036 697 in

158 721 403 767 perpetuam
435 720 667 758 memoriam
704 717 945 758 rebellionis
981 721 1110 771 ipsius
1146 725 1187 760 et
1221 723 1313 760 eius
1347 723 1613 772 opprobrium
1647 725 1955 779 sempiternum7
1988 731 2033 767 ut

159 796 215 825 ex
249 796 359 836 pena
393 787 525 836 ipsius
558 788 627 826 alii
653 788 880 842 discerent,
916 790 1024 840 quod
1060 802 1140 828 non
1167 794 1233 829 est
1266 795 1391 829 tutum
1419 796 1568 830 contra
1600 795 1827 833 torrentem
1860 795 2036 836 brachia

158 854 351 908 dirigere
385 860 426 894 et
449 862 595 896 contra
629 858 830 897 stimulum
865 859 1106 899 calcitrare.
1156 860 1315 899 Verum
1341 860 1436 911 quia
1471 872 1697 912 personam
1722 866 1830 902 tuam
1864 866 2035 906 sincera

156 924 368 978 diligimus
403 925 441 964 in
477 926 654 966 Domino
689 928 880 976 caritatm
917 940 991 978 pro
1026 934 1068 967 te
1103 929 1240 968 adhuc
1286 930 1420 968 eidem
1455 930 1643 970 ecclesie
1686 932 1877 972 duximus
1912 933 2035 974 dese-

157 993 341 1045 renduim
364 993 463 1033 licet
491 1002 644 1046 (planto
669 997 810 1049 magis
846 996 1070 1036 differimus
1094 1009 1241 1048 penam
1269 1000 1374 1051 eius2
1400 1004 1516 1038 tanto
1542 1000 1668 1039 simus
1696 1002 1818 1040 etiam
1852 1005 2034 1056 grauius

155 1063 350 1115 punituri,
384 1069 464 1108 nisi
497 1068 778 1120 quantocitius
807 1067 1074 1117 expiauerint
1107 1068 1269 1118 culpam
1303 1080 1419 1107 suam
1454 1072 1496 1108 et
1528 1070 1744 1123 genimina
1779 1072 2034 1127 viperarum7

155 1143 236 1184 que
277 1134 317 1172 in
359 1150 411 1178 ea
451 1136 638 1176 latebras
671 1148 773 1175 suas
816 1134 973 1189 sonent,
1020 1136 1195 1187 pedibus
1229 1138 1310 1175 tuis
1351 1137 1622 1178 exhibuerint
1662 1150 1711 1178 se
1751 1140 1958 1181 calcanda
1992 1149 2036 1183 et

155 1206 263 1258 apud
304 1211 346 1246 te
380 1219 470 1246 cum
503 1204 583 1245 filio
618 1205 802 1259 prodigo
829 1206 1144 1256 proclamarint:
1180 1206 1310 1246 Pater
1335 1207 1411 1246 iam
1447 1220 1528 1246 non
1562 1220 1704 1247 sumus
1733 1209 1854 1264 digni
1886 1213 2032 1252 vocari

155 1274 222 1315 tilii
256 1277 327 1330 tui7
368 1275 436 1316 sac
476 1287 554 1315 nos
587 1276 695 1314 sicut
730 1275 894 1326 aliquos
937 1286 993 1314 ex
1025 1277 1301 1315 mercenariis
1344 1277 1426 1316 tuis
1461 1282 1503 1316 et
1545 1278 1656 1316 inter
1689 1279 1805 1329 ipsos
1848 1280 2032 1336 admitte,

154 1347 221 1398 qui
254 1351 295 1386 te
331 1351 542 1396 pastorem
577 1350 762 1383 nostrum
796 1349 837 1383 et
870 1345 1097 1383 animarum
1132 1352 1366 1385 nostrarum
1403 1347 1644 1397 episcopum
1678 1360 1760 1387 non
1795 1349 2033 1390 admisimus

153 1415 374 1469 hactenus,
424 1426 503 1454 nec
551 1413 699 1453 suimus
748 1414 954 1453 venerati.
1027 1413 1146 1454 Sane
1196 1415 1485 1466 supplicarunt
1535 1416 1655 1456 nobis
1704 1419 1946 1458 carissimus
1993 1421 2033 1460 in

153 1484 325 1526 Christo
360 1483 465 1524 filius
499 1489 644 1523 noster
680 1483 850 1522 illustris
885 1495 962 1522 rex
996 1488 1038 1522 et
1073 1484 1248 1534 populus
1281 1485 1543 1539 Boemorum7
1584 1491 1627 1526 ut
1660 1497 1751 1526 cum
1784 1491 1827 1526 tu
1860 1493 2033 1540 propter

153 1554 337 1594 locorum
380 1553 617 1592 distantiam
668 1556 709 1591 et
757 1552 1043 1592 diuersitatem
1091 1553 1330 1606 linguarum
1378 1555 1511 1593 minus
1558 1554 1745 1596 sufficias
1792 1557 1908 1596 circa
1956 1569 2032 1598 eos

151 1623 495 1673 metropoliticum
544 1621 719 1661 officium
760 1633 986 1675 exercere,
1032 1633 1109 1660 nos
1143 1623 1210 1673 qui
1246 1624 1341 1662 vice
1382 1622 1542 1664 Christi
1586 1628 1776 1664 tenemur
1816 1627 2031 1668 uniuersis

152 1690 343 1731 fidelibus
386 1691 612 1743 prouidere
652 1691 930 1730 sollicitudine
966 1692 1167 1742 pastorali
1210 1696 1290 1732 tum
1324 1697 1497 1743 propter
1530 1693 1766 1734 euidentem
1799 1696 2031 1751 utilitatem7

153 1766 235 1800 tum
259 1760 382 1800 etiam
416 1765 589 1812 propter
613 1761 912 1800 necessitatem
936 1766 1161 1814 urgentem
1194 1761 1235 1800 in
1262 1762 1435 1801 Boemia
1469 1773 1560 1802 cum
1594 1764 1791 1814 spaciosa
1819 1768 1861 1803 et
1894 1777 2030 1817 popu-

107 1855 114 1860 ·
154 1829 246 1870 losa
279 1831 334 1869 sit
365 1830 546 1883 multum,
576 1829 721 1869 sedem
754 1830 1095 1880 metropoliticam
1136 1833 1325 1870 statuere
1359 1831 1648 1886 dignaremur⁷
1681 1843 1759 1884 per
1792 1844 1912 1885 quam
1945 1846 2030 1875 non

157 1904 239 1940 tam
277 1897 429 1938 honori
469 1910 626 1952 eorum7
667 1910 787 1950 quam
827 1899 951 1938 saluti
990 1900 1147 1938 utiliter
1188 1899 1446 1940 consulatur.
1509 1896 1635 1941 Licet
1681 1905 1818 1941 autem
1857 1906 2031 1954 propter

157 1969 458 2009 contumaciam
496 1968 682 2007 ecclesie
715 1969 1067 2023 maguntinensis
1108 1969 1250 2020 petitio
1292 1969 1373 2009 hec
1412 1970 1648 2010 accelerari
1682 1970 1860 2011 deberet
1893 1974 2030 2024 potius

152 2049 273 2090 quam
300 2036 470 2091 differri,
505 2049 558 2077 ne
583 2042 720 2077 tamen
753 2042 901 2077 contra
933 2041 975 2077 te
1008 2037 1162 2090 aliquid
1189 2049 1329 2092 agere
1363 2039 1617 2092 videremur,
1651 2050 1742 2079 eam
1776 2052 1858 2080 non
1892 2043 2030 2083 statim

154 2106 459 2160 admittendaim
493 2107 571 2146 sed
603 2117 733 2158 super
765 2107 860 2161 hiis,
894 2118 975 2159 que
1009 2108 1125 2147 circa
1159 2118 1251 2147 eam
1285 2108 1534 2160 inquirenda
1566 2106 1749 2163 fuerunt,
1782 2110 2028 2152 mandamus

150 2177 315 2230 inquiri7
355 2180 400 2215 ut
444 2177 481 2215 si
521 2174 666 2216 forsan
716 2177 893 2216 euidens
935 2177 1089 2216 utilitas
1130 2181 1173 2217 et
1214 2188 1379 2230 urgens
1431 2178 1671 2217 necessitas
1717 2178 1759 2217 id
1801 2186 2026 2233 exposcat,

149 2245 446 2296 prouideamus
471 2245 658 2286 ecclesie
685 2246 1027 2300 Maguminensi,
1054 2246 1147 2285 dum
1172 2251 1310 2285 tamen
1344 2258 1369 2285 a
1392 2259 1469 2287 suo
1503 2248 1766 2298 resipiscens
1791 2259 1940 2288 errore
1973 2249 2027 2289 ad

150 2313 384 2354 mandatum
433 2315 703 2364 apostolicum
750 2315 957 2356 humiliter
998 2320 1251 2362 reuertatur„
1290 2320 1335 2356 ut
1381 2327 1457 2367 per
1498 2316 1578 2356 hoc
1620 2329 1703 2356 non
1750 2322 1831 2357 tam
1871 2318 2025 2370 aliquid

149 2383 297 2423 honori
331 2383 421 2422 eius
454 2383 725 2438 subtractum,
758 2385 835 2424 sed
875 2385 1055 2425 additum
1099 2386 1304 2424 videatur.
1368 2386 1461 2425 Hec
1497 2387 1630 2440 igitur
1669 2384 1922 2426 fraternitati
1955 2392 2025 2427 tue

149 2452 340 2492 duximus
373 2453 613 2507 intimanda⁷
652 2459 696 2493 ut
727 2458 835 2494 tuam
877 2455 997 2494 nobis
1030 2454 1252 2508 significes
1295 2455 1563 2508 voluntatem7
1604 2456 1803 2508 sciturus7
1843 2456 1950 2508 quod
1985 2458 2023 2496 si

149 2532 279 2573 super
320 2521 400 2562 hoc
440 2522 681 2563 duxerimus
721 2524 1047 2577 procedenduim
1091 2523 1238 2564 honori
1280 2528 1350 2564 tuo
1383 2523 1642 2565 sufficienter
1685 2525 1810 2566 dante
1843 2525 2021 2566 Domino

1674 2594 1709 2634 4
