2212 2876
955 100 1161 161 *3⁷4

986 240 1228 283 CCXLIX.

178 335 391 390 premysl,
424 335 616 377 marchio
648 337 886 394 moraviae,
916 335 1209 389 fundationem
1240 337 1487 375 monasterii
1517 337 1681 377 Portae
1714 336 1833 379 Coeli
1864 339 1908 378 in
1943 333 2053 378 w}-

176 408 335 446 nowe'oe
374 419 399 446 a
438 408 571 445 matre
609 401 976 446 sua‘Conswcmtia
1017 406 1168 457 reyina
1204 405 1378 457 factam,
1419 408 1458 444 et
1495 404 1740 445 donationes
1784 407 1939 459 fratris
1978 408 2047 446 sui

175 476 291 525 Τι’-φὶς
339 462 577 514 wenceslai
615 474 847 527 confirmat,
890 477 928 513 et
966 466 1222 513 monasterio
1257 473 1441 526 fundum
1480 476 1519 512 et
1556 475 1691 514 locum
1736 470 1971 515 Tisnowice
2010 477 2050 514 et

173 543 342 584 dit-ersa
363 544 472 596 ιῘιινα
512 543 688 596 confert.
751 543 858 584 Aeta
891 543 935 582 in
967 543 1151 593 Znoym,
1192 545 1231 581 et
1261 533 1317 582 de}
1345 541 1487 595 pridie
1519 535 1744 583 Kalendas
1776 543 2045 596 Novembris,

485 610 492 616 ⁴
1039 610 1194 651 1234.

303 704 364 765 In
397 723 561 763 nomine
603 725 754 762 sancte
785 723 995 762 trinitatis.
1037 727 1079 765 et
1118 723 1330 763 indiuidue
1369 725 1552 763 unitatis.
1617 725 1718 778 Ego
1759 712 1939 763 Premizl
1978 724 2047 763 dei

175 793 328 847 gracia
360 792 556 833 Mamilio
580 792 779 832 Morauie
801 793 1051 832 Abbatisse.
1086 797 1128 832 et
1161 794 1231 832 toti
1258 805 1384 832 sacro
1419 794 1645 832 conuentui
1677 793 1718 831 in
1749 792 2047 832 Thussnom’eh,

176 861 419 901 collocando
452 863 493 900 in
528 865 784 912 perpetuum.
845 860 1080 902 Consueuit
1113 864 1374 914 antiquorum
1406 862 1665 901 ueneranda.
1699 865 1742 901 et
1773 862 2047 913 approbanda

176 932 396 982 prudentia
437 942 489 969 ea
523 931 753 969 litterarum
793 931 994 970 mandare
1032 932 1292 970 monimentis
1333 942 1413 983 que
1453 932 1600 970 statuit
1637 931 1797 970 habere
1837 931 1966 970 robur
2006 933 2048 969 et

181 999 412 1039 firmitatem
451 1011 504 1038 ne
548 999 835 1038 modernorum
879 1004 1016 1039 astuta
1057 1001 1246 1053 ingenia.
1294 1011 1375 1051 que
1416 1005 1585 1050 semper
1624 1000 1817 1054 gaudent
1859 1000 2046 1039 nouitate

176 1070 390 1109 inueniant
443 1069 693 1107 occasiones
743 1069 823 1107 rite
871 1072 912 1107 et
960 1073 1120 1107 mature
1176 1073 1306 1122 gesta
1356 1069 1541 1123 negocia
1590 1069 1747 1108 dolosis
1796 1072 2047 1120 peruertere

177 1139 440 1193 argumentis
475 1141 516 1176 et
556 1136 831 1176 fraudulentis
866 1138 1107 1176 1·aeionibus
1147 1130 1369 1176 infirmare.
1434 1138 1639 1177 Memoria
1673 1138 1835 1189 quidem
1868 1138 2048 1176 humana

176 1220 258 1247 non
292 1211 357 1246 est
397 1206 590 1245 diuturna
624 1210 665 1246 et
704 1208 741 1245 si
774 1210 892 1245 esset
933 1210 1081 1245 eterna
1116 1209 1233 1245 esset
1273 1206 1413 1245 diuina
1454 1207 1632 1257 ideoque
1675 1217 1859 1245 neeesse
1900 1210 1966 1244 est
2004 1210 2048 1245 ut

176 1277 345 1327 scriptis
378 1276 419 1314 in
445 1275 593 1327 quibus
627 1287 699 1314 res
731 1280 861 1329 geste
895 1276 1161 1314 continentur
1193 1275 1426 1314 adiuuetur.
1461 1278 1502 1314 et
1534 1276 1596 1314 sic
1620 1275 1796 1327 quodam
1830 1275 2046 1325 perpetui-

180 1346 277 1385 tatis
311 1344 465 1383 robore
498 1349 665 1383 maneat
703 1349 846 1384 tenax.
881 1350 923 1384 et
956 1345 1223 1383 inconcussa.
1279 1344 1487 1384 Nouerint
1518 1341 1668 1398 {itaque
1701 1350 1783 1384 tam
1823 1347 2048 1395 presentes

178 1427 295 1467 quam
340 1412 478 1453 futuri.
527 1414 634 1465 quod
670 1426 747 1453 nos
800 1414 851 1453 ad
896 1415 987 1466 pias
1029 1424 1183 1467 preces
1231 1414 1374 1454 inclite
1421 1414 1569 1454 matris
1606 1416 1748 1453 nostre
1795 1412 2048 1453 Constat-wie

176 1485 333 1538 regine
366 1484 612 1522 Boemorum
646 1484 901 1524 monasterio
936 1482 1042 1534 quod
1076 1485 1200 1535 porta
1233 1483 1314 1522 oeli
1352 1486 1542 1524 vocatur.
1574 1483 1617 1522 in
1650 1493 1730 1534 quo
1763 1481 2047 1535 religiosissi-

175 1564 263 1592 mus
297 1555 532 1591 conuentus
565 1551 817 1592 dominarum
852 1552 1010 1591 ordinis
1046 1550 1365 1602 cysterciensis
1406 1552 1518 1602 oepit
1551 1550 1629 1590 deo
1665 1555 1707 1590 et
1739 1551 2047 1605 gloriosissime

176 1622 295 1661 matri
329 1622 420 1660 eius
462 1621 589 1660 beate
622 1621 762 1660 Marie
803 1622 969 1660 seruire
1003 1620 1190 1659 dedimus
1230 1619 1395 1659 fundum
1437 1624 1478 1659 et
1515 1620 1649 1660 locum
1690 1621 1729 1658 in
1773 1619 2048 1658 tlenssnouesselz

176 1691 246 1730 ubi
287 1690 365 1729 deo
406 1690 695 1740 inperpetuum
729 1691 931 1730 sei-uiant.
974 1701 1094 1741 quem
1133 1689 1306 1730 fecimus
1347 1692 1476 1730 cei-tls
1517 1691 1710 1729 limitibus
1750 1691 1952 1744 distingui
1993 1690 2046 1729 ab

177 1760 270 1799 aliis
304 1758 647 1811 possessionibus
690 1760 848 1798 nostris
882 1759 1173 1799 adiacentibus
1208 1771 1260 1799 ne
1295 1760 1549 1810 inposterum
1590 1760 1729 1812 aliqua
1763 1759 1859 1798 inde
1893 1771 2047 1810 super-

176 1829 320 1869 ueniat
353 1828 576 1867 dubitacio.
609 1827 721 1867 unde
754 1826 957 1879 prefatum
990 1830 1285 1868 monasterium
1319 1829 1453 1880 possit
1486 1830 1678 1883 grauari.
1711 1829 1779 1867 uel
1812 1828 2048 1879 inquietari.

179 1896 513 1938 Considerantes
561 1900 697 1935 autem
740 1897 933 1950 gloriose
980 1899 1174 1940 memorie
1217 1902 1374 1949 patrem
1422 1902 1606 1937 nostrum
1647 1897 1828 1937 Premizl
1871 1898 2047 1936 nomine.

178 1980 202 2007 a
242 1980 320 2019 quo
355 1968 486 2006 sortiti
520 1978 660 2006 sumus
702 1967 908 2019 originem
944 1971 986 2005 et
1018 1979 1165 2007 nomen
1206 1967 1340 2006 multis
1374 1965 1616 2006 interfuisse
1656 1967 1842 2020 negotiis
1874 1966 2047 2017 imperii.

179 2041 222 2076 et
255 2037 373 2075 etiam
415 2037 609 2087 propriis,
644 2036 683 2074 in
727 2036 875 2086 quibus
910 2037 1032 2075 muita
1074 2038 1215 2089 gessit
1257 2047 1336 2087 que
1383 2037 1475 2074 sine
1517 2041 1693 2087 peccato
1734 2048 1815 2074 non
1857 2038 2048 2086 poterant

179 2106 375 2159 transigi.
410 2106 540 2143 uisum
576 2103 649 2143 suit
681 2110 826 2143 nostre
860 2105 1089 2144 clemencie
1117 2106 1273 2146 nostris
1307 2105 1559 2144 elemosinis.
1594 2108 1634 2144 et
1668 2106 1869 2156 precipue
1901 2116 2048 2144 mona-

181 2174 298 2214 sterii
332 2174 506 2224 predicti
537 2174 627 2213 eius
663 2186 800 2212 noxas
835 2174 1150 2225 qualescunque
1185 2173 1392 2213 releuare.
1427 2176 1522 2224 quia
1555 2177 1655 2224 aput
1687 2174 2048 2212 clementissimum

181 2243 355 2283 iudicem
390 2244 453 2282 cui
489 2243 695 2293 proprium
729 2247 795 2281 est
827 2243 1017 2281 misereri
1052 2245 1093 2281 et
1126 2253 1305 2293 parcere
1338 2242 1488 2283 nullum
1521 2243 1670 2282 bonum
1704 2246 1769 2281 est
1808 2243 2048 2281 inremune-

182 2317 324 2352 ratum.
375 2311 567 2351 Docebat
600 2312 720 2350 etiam
754 2316 797 2350 ut
824 2311 985 2350 domine
1019 2322 1100 2363 que
1124 2311 1313 2350 seruiunt
1346 2311 1424 2350 deo
1459 2312 1499 2354 in
1533 2322 1637 2362 sepe
1662 2311 1868 2350 nominato
1901 2323 2047 2350 mona-

180 2381 310 2421 sterio
351 2390 400 2419 eo
451 2379 558 2431 quod
600 2379 679 2421 sibi
730 2392 810 2418 non
852 2384 1026 2430 possunt
1066 2380 1117 2419 ob
1165 2390 1297 2419 sexus
1339 2377 1612 2433 fragilitatem
1654 2380 1763 2420 bene
1811 2380 2046 2430 prouidere.

183 2454 388 2501 quatenus
423 2449 567 2499 amplis
596 2451 885 2487 sustententur
918 2447 1134 2487 beneficiis
1161 2452 1204 2487 ut
1236 2450 1297 2487 sic
1323 2448 1495 2487 liberius
1529 2448 1755 2488 conditoris
1789 2449 1852 2488 sui
1886 2449 2048 2499 possint

184 2530 339 2558 uacare
373 2518 571 2557 seruitiis.
622 2517 732 2557 llino
766 2521 831 2557 est
864 2519 1008 2557 eriam.
1042 2517 1149 2569 quod
1184 2519 1277 2557 uice
1311 2518 1543 2558 concambii
1575 2517 1762 2558 dedimus
1794 2517 2046 2557 monasterio
